SBERP;0;20211004;095944;315.000000000;10
SBERP;0;20211004;095944;315.000000000;40
SBERP;0;20211004;095944;315.000000000;20
SBERP;0;20211004;095944;315.000000000;140
SBERP;0;20211004;095944;315.000000000;10
SBERP;0;20211004;095944;315.000000000;10
SBERP;0;20211004;095944;315.000000000;10
SBERP;0;20211004;095944;315.000000000;10
SBERP;0;20211004;095944;315.000000000;10
SBERP;0;20211004;095944;315.000000000;30
SBERP;0;20211004;095944;315.000000000;10
SBERP;0;20211004;095944;315.000000000;10
SBERP;0;20211004;095944;315.000000000;20
SBERP;0;20211004;095944;315.000000000;10
SBERP;0;20211004;095944;315.000000000;10
SBERP;0;20211004;095944;315.000000000;10
SBERP;0;20211004;095944;315.000000000;20
SBERP;0;20211004;095944;315.000000000;10
SBERP;0;20211004;095944;315.000000000;20
SBERP;0;20211004;095944;315.000000000;20
SBERP;0;20211004;095944;315.000000000;1000
SBERP;0;20211004;095944;315.000000000;30
SBERP;0;20211004;095944;315.000000000;10
SBERP;0;20211004;095944;315.000000000;20
SBERP;0;20211004;095944;315.000000000;470
SBERP;0;20211004;095944;315.000000000;110
SBERP;0;20211004;100001;315.730000000;310
SBERP;0;20211004;100005;315.300000000;290
SBERP;0;20211004;100006;315.340000000;230
SBERP;0;20211004;100008;315.330000000;280
SBERP;0;20211004;100010;315.360000000;20
SBERP;0;20211004;100013;315.040000000;20
SBERP;0;20211004;100013;315.040000000;30
SBERP;0;20211004;100013;315.040000000;450
SBERP;0;20211004;100014;315.040000000;140
SBERP;0;20211004;100014;315.100000000;100
SBERP;0;20211004;100014;315.100000000;100
SBERP;0;20211004;100014;315.040000000;40
SBERP;0;20211004;100014;315.050000000;30
SBERP;0;20211004;100014;315.100000000;100
SBERP;0;20211004;100014;315.100000000;100
SBERP;0;20211004;100015;315.040000000;280
SBERP;0;20211004;100016;315.100000000;500
SBERP;0;20211004;100016;315.100000000;2000
SBERP;0;20211004;100016;315.100000000;240
SBERP;0;20211004;100016;315.100000000;860
SBERP;0;20211004;100016;315.250000000;200
SBERP;0;20211004;100017;315.260000000;10
SBERP;0;20211004;100018;315.030000000;20
SBERP;0;20211004;100018;315.260000000;40
SBERP;0;20211004;100018;315.260000000;60
SBERP;0;20211004;100018;315.650000000;40
SBERP;0;20211004;100018;315.630000000;40
SBERP;0;20211004;100019;315.530000000;10
SBERP;0;20211004;100019;315.530000000;10
SBERP;0;20211004;100019;315.520000000;10
SBERP;0;20211004;100019;315.510000000;10
SBERP;0;20211004;100022;315.480000000;40
SBERP;0;20211004;100022;315.480000000;10
SBERP;0;20211004;100024;315.110000000;10
SBERP;0;20211004;100024;315.400000000;10
SBERP;0;20211004;100028;315.050000000;20
SBERP;0;20211004;100028;315.030000000;20
SBERP;0;20211004;100028;315.020000000;50
SBERP;0;20211004;100028;315.010000000;90
SBERP;0;20211004;100028;315.000000000;310
SBERP;0;20211004;100029;315.010000000;90
SBERP;0;20211004;100029;315.010000000;30
SBERP;0;20211004;100029;315.310000000;150
SBERP;0;20211004;100029;315.030000000;20
SBERP;0;20211004;100029;315.020000000;40
SBERP;0;20211004;100048;315.070000000;110
SBERP;0;20211004;100048;315.060000000;380
SBERP;0;20211004;100048;315.050000000;410
SBERP;0;20211004;100050;315.030000000;10
SBERP;0;20211004;100055;315.030000000;10
SBERP;0;20211004;100055;315.240000000;10
SBERP;0;20211004;100100;315.050000000;10
SBERP;0;20211004;100100;315.120000000;10
SBERP;0;20211004;100101;315.140000000;20
SBERP;0;20211004;100101;315.460000000;1280
SBERP;0;20211004;100104;315.400000000;10
SBERP;0;20211004;100106;315.570000000;10
SBERP;0;20211004;100110;315.400000000;500
SBERP;0;20211004;100110;315.330000000;20
SBERP;0;20211004;100110;315.330000000;20
SBERP;0;20211004;100110;315.330000000;20
SBERP;0;20211004;100110;315.330000000;20
SBERP;0;20211004;100110;315.330000000;20
SBERP;0;20211004;100110;315.330000000;20
SBERP;0;20211004;100110;315.330000000;20
SBERP;0;20211004;100110;315.330000000;20
SBERP;0;20211004;100110;315.330000000;20
SBERP;0;20211004;100110;315.330000000;20
SBERP;0;20211004;100110;315.260000000;50
SBERP;0;20211004;100110;315.260000000;40
SBERP;0;20211004;100110;315.480000000;90
SBERP;0;20211004;100110;315.490000000;60
SBERP;0;20211004;100112;315.380000000;50
SBERP;0;20211004;100114;315.620000000;10
SBERP;0;20211004;100118;315.620000000;490
SBERP;0;20211004;100118;315.630000000;490
SBERP;0;20211004;100118;315.640000000;200
SBERP;0;20211004;100118;315.620000000;490
SBERP;0;20211004;100118;315.610000000;490
SBERP;0;20211004;100118;315.600000000;490
SBERP;0;20211004;100118;315.730000000;10
SBERP;0;20211004;100121;315.730000000;10
SBERP;0;20211004;100123;315.680000000;30
SBERP;0;20211004;100123;315.690000000;230
SBERP;0;20211004;100130;315.520000000;10
SBERP;0;20211004;100131;315.520000000;10
SBERP;0;20211004;100133;315.680000000;10
SBERP;0;20211004;100134;315.520000000;40
SBERP;0;20211004;100137;315.750000000;10
SBERP;0;20211004;100143;315.710000000;30
SBERP;0;20211004;100145;315.740000000;490
SBERP;0;20211004;100145;315.750000000;480
SBERP;0;20211004;100145;315.760000000;860
SBERP;0;20211004;100145;315.760000000;170
SBERP;0;20211004;100146;315.580000000;500
SBERP;0;20211004;100146;315.550000000;900
SBERP;0;20211004;100146;315.550000000;600
SBERP;0;20211004;100149;315.550000000;220
SBERP;0;20211004;100149;315.700000000;100
SBERP;0;20211004;100151;315.520000000;480
SBERP;0;20211004;100151;315.460000000;100
SBERP;0;20211004;100152;315.430000000;220
SBERP;0;20211004;100153;315.540000000;60
SBERP;0;20211004;100155;315.530000000;10
SBERP;0;20211004;100156;315.540000000;10
SBERP;0;20211004;100159;315.550000000;220
SBERP;0;20211004;100159;315.590000000;500
SBERP;0;20211004;100159;315.590000000;490
SBERP;0;20211004;100159;315.640000000;860
SBERP;0;20211004;100159;315.650000000;650
SBERP;0;20211004;100159;315.650000000;280
SBERP;0;20211004;100202;315.640000000;10
SBERP;0;20211004;100207;315.500000000;20
SBERP;0;20211004;100209;315.500000000;50
SBERP;0;20211004;100214;315.550000000;60
SBERP;0;20211004;100220;315.630000000;490
SBERP;0;20211004;100224;315.630000000;20
SBERP;0;20211004;100225;315.550000000;10
SBERP;0;20211004;100235;315.590000000;10
SBERP;0;20211004;100235;315.550000000;110
SBERP;0;20211004;100239;315.600000000;20
SBERP;0;20211004;100242;315.600000000;480
SBERP;0;20211004;100242;315.550000000;40
SBERP;0;20211004;100243;315.590000000;50
SBERP;0;20211004;100243;315.630000000;220
SBERP;0;20211004;100245;315.700000000;10
SBERP;0;20211004;100247;315.700000000;80
SBERP;0;20211004;100249;315.990000000;10
SBERP;0;20211004;100251;315.820000000;10
SBERP;0;20211004;100252;315.820000000;10
SBERP;0;20211004;100300;316.000000000;10
SBERP;0;20211004;100304;315.980000000;40
SBERP;0;20211004;100309;315.840000000;80
SBERP;0;20211004;100311;316.010000000;250
SBERP;0;20211004;100322;316.000000000;10
SBERP;0;20211004;100322;316.000000000;10
SBERP;0;20211004;100323;315.970000000;10
SBERP;0;20211004;100326;316.100000000;140
SBERP;0;20211004;100326;316.210000000;360
SBERP;0;20211004;100330;316.020000000;10
SBERP;0;20211004;100334;316.180000000;10
SBERP;0;20211004;100334;316.180000000;10
SBERP;0;20211004;100339;316.090000000;200
SBERP;0;20211004;100339;316.170000000;490
SBERP;0;20211004;100339;316.180000000;480
SBERP;0;20211004;100339;316.190000000;490
SBERP;0;20211004;100339;316.200000000;500
SBERP;0;20211004;100339;316.210000000;140
SBERP;0;20211004;100339;316.230000000;10
SBERP;0;20211004;100339;316.300000000;10
SBERP;0;20211004;100339;316.370000000;10
SBERP;0;20211004;100339;316.370000000;30
SBERP;0;20211004;100339;316.420000000;390
SBERP;0;20211004;100339;316.450000000;10
SBERP;0;20211004;100339;316.450000000;440
SBERP;0;20211004;100339;316.250000000;10
SBERP;0;20211004;100341;316.180000000;220
SBERP;0;20211004;100341;316.220000000;60
SBERP;0;20211004;100341;316.220000000;800
SBERP;0;20211004;100341;316.220000000;500
SBERP;0;20211004;100341;316.230000000;440
SBERP;0;20211004;100341;316.250000000;490
SBERP;0;20211004;100341;316.260000000;500
SBERP;0;20211004;100341;316.270000000;270
SBERP;0;20211004;100343;316.270000000;490
SBERP;0;20211004;100343;316.280000000;10
SBERP;0;20211004;100344;316.140000000;20
SBERP;0;20211004;100352;316.220000000;10
SBERP;0;20211004;100355;316.210000000;10
SBERP;0;20211004;100358;316.200000000;1000
SBERP;0;20211004;100358;316.200000000;560
SBERP;0;20211004;100358;316.210000000;660
SBERP;0;20211004;100358;316.210000000;450
SBERP;0;20211004;100358;316.230000000;500
SBERP;0;20211004;100358;316.230000000;730
SBERP;0;20211004;100358;316.290000000;1560
SBERP;0;20211004;100358;316.400000000;10
SBERP;0;20211004;100359;316.470000000;50
SBERP;0;20211004;100400;316.510000000;20
SBERP;0;20211004;100400;316.510000000;10
SBERP;0;20211004;100400;316.510000000;10
SBERP;0;20211004;100400;316.510000000;10
SBERP;0;20211004;100400;316.510000000;20
SBERP;0;20211004;100400;316.510000000;30
SBERP;0;20211004;100400;316.570000000;180
SBERP;0;20211004;100400;316.570000000;50
SBERP;0;20211004;100400;316.570000000;10
SBERP;0;20211004;100400;316.570000000;20
SBERP;0;20211004;100400;316.570000000;30
SBERP;0;20211004;100400;316.570000000;600
SBERP;0;20211004;100400;316.570000000;890
SBERP;0;20211004;100400;316.610000000;10
SBERP;0;20211004;100401;316.630000000;10
SBERP;0;20211004;100402;316.650000000;10
SBERP;0;20211004;100403;316.500000000;2000
SBERP;0;20211004;100408;316.070000000;470
SBERP;0;20211004;100408;316.070000000;250
SBERP;0;20211004;100408;316.070000000;540
SBERP;0;20211004;100408;316.000000000;10
SBERP;0;20211004;100408;316.000000000;2990
SBERP;0;20211004;100408;316.000000000;1010
SBERP;0;20211004;100408;316.000000000;10
SBERP;0;20211004;100408;315.830000000;300
SBERP;0;20211004;100409;316.130000000;1350
SBERP;0;20211004;100409;316.140000000;500
SBERP;0;20211004;100409;316.140000000;500
SBERP;0;20211004;100409;316.140000000;860
SBERP;0;20211004;100409;316.140000000;220
SBERP;0;20211004;100409;316.150000000;190
SBERP;0;20211004;100409;316.170000000;500
SBERP;0;20211004;100409;316.170000000;500
SBERP;0;20211004;100409;316.190000000;370
SBERP;0;20211004;100409;316.190000000;860
SBERP;0;20211004;100409;316.290000000;160
SBERP;0;20211004;100409;316.290000000;160
SBERP;0;20211004;100409;316.300000000;160
SBERP;0;20211004;100409;316.310000000;160
SBERP;0;20211004;100409;316.350000000;450
SBERP;0;20211004;100410;315.870000000;40
SBERP;0;20211004;100411;316.130000000;10
SBERP;0;20211004;100416;316.180000000;100
SBERP;0;20211004;100418;316.130000000;10
SBERP;0;20211004;100419;316.190000000;1000
SBERP;0;20211004;100419;316.190000000;30
SBERP;0;20211004;100419;316.190000000;660
SBERP;0;20211004;100420;316.120000000;30
SBERP;0;20211004;100421;316.160000000;50
SBERP;0;20211004;100427;316.170000000;10
SBERP;0;20211004;100427;316.170000000;320
SBERP;0;20211004;100434;316.230000000;30
SBERP;0;20211004;100434;316.230000000;170
SBERP;0;20211004;100435;316.230000000;320
SBERP;0;20211004;100435;316.250000000;500
SBERP;0;20211004;100435;316.220000000;490
SBERP;0;20211004;100439;316.310000000;30
SBERP;0;20211004;100441;316.310000000;580
SBERP;0;20211004;100441;316.330000000;490
SBERP;0;20211004;100441;316.460000000;270
SBERP;0;20211004;100441;316.480000000;1170
SBERP;0;20211004;100441;316.490000000;640
SBERP;0;20211004;100441;316.500000000;10
SBERP;0;20211004;100441;316.530000000;830
SBERP;0;20211004;100441;316.540000000;1010
SBERP;0;20211004;100441;316.300000000;30
SBERP;0;20211004;100441;316.200000000;350
SBERP;0;20211004;100448;316.300000000;460
SBERP;0;20211004;100448;316.300000000;10
SBERP;0;20211004;100448;316.360000000;450
SBERP;0;20211004;100448;316.510000000;130
SBERP;0;20211004;100448;316.520000000;270
SBERP;0;20211004;100448;316.530000000;540
SBERP;0;20211004;100448;316.530000000;500
SBERP;0;20211004;100448;316.630000000;2640
SBERP;0;20211004;100448;316.290000000;440
SBERP;0;20211004;100448;316.290000000;50
SBERP;0;20211004;100448;316.280000000;250
SBERP;0;20211004;100448;316.280000000;240
SBERP;0;20211004;100448;316.270000000;450
SBERP;0;20211004;100448;316.270000000;40
SBERP;0;20211004;100448;316.280000000;10
SBERP;0;20211004;100450;316.600000000;10
SBERP;0;20211004;100451;316.380000000;590
SBERP;0;20211004;100453;316.600000000;20
SBERP;0;20211004;100454;316.600000000;10
SBERP;0;20211004;100457;316.600000000;10
SBERP;0;20211004;100457;316.390000000;20
SBERP;0;20211004;100500;316.570000000;20
SBERP;0;20211004;100503;316.370000000;10
SBERP;0;20211004;100506;316.570000000;10
SBERP;0;20211004;100507;316.570000000;10
SBERP;0;20211004;100509;316.400000000;10
SBERP;0;20211004;100510;316.370000000;1260
SBERP;0;20211004;100510;316.330000000;500
SBERP;0;20211004;100510;316.330000000;90
SBERP;0;20211004;100510;316.330000000;770
SBERP;0;20211004;100510;316.330000000;10
SBERP;0;20211004;100510;316.520000000;10
SBERP;0;20211004;100511;316.510000000;20
SBERP;0;20211004;100511;316.520000000;50
SBERP;0;20211004;100514;316.580000000;10
SBERP;0;20211004;100515;316.520000000;480
SBERP;0;20211004;100520;316.500000000;20
SBERP;0;20211004;100520;316.390000000;10
SBERP;0;20211004;100520;316.390000000;10
SBERP;0;20211004;100520;316.300000000;10
SBERP;0;20211004;100524;316.460000000;10
SBERP;0;20211004;100526;316.490000000;10
SBERP;0;20211004;100526;316.500000000;10
SBERP;0;20211004;100530;316.510000000;30
SBERP;0;20211004;100530;316.400000000;20
SBERP;0;20211004;100535;316.630000000;30
SBERP;0;20211004;100536;316.400000000;320
SBERP;0;20211004;100546;316.400000000;60
SBERP;0;20211004;100546;316.510000000;70
SBERP;0;20211004;100549;316.490000000;250
SBERP;0;20211004;100549;316.500000000;10
SBERP;0;20211004;100550;316.500000000;30
SBERP;0;20211004;100551;316.510000000;10
SBERP;0;20211004;100600;316.310000000;500
SBERP;0;20211004;100600;316.310000000;860
SBERP;0;20211004;100600;316.310000000;500
SBERP;0;20211004;100600;316.300000000;40
SBERP;0;20211004;100600;316.270000000;20
SBERP;0;20211004;100600;316.260000000;230
SBERP;0;20211004;100600;316.240000000;110
SBERP;0;20211004;100601;316.230000000;10
SBERP;0;20211004;100602;316.480000000;140
SBERP;0;20211004;100605;316.500000000;500
SBERP;0;20211004;100605;316.500000000;490
SBERP;0;20211004;100605;316.500000000;660
SBERP;0;20211004;100605;316.550000000;10
SBERP;0;20211004;100605;316.600000000;380
SBERP;0;20211004;100605;316.590000000;130
SBERP;0;20211004;100605;316.610000000;100
SBERP;0;20211004;100605;316.420000000;40
SBERP;0;20211004;100605;316.610000000;10
SBERP;0;20211004;100608;316.490000000;10
SBERP;0;20211004;100610;316.610000000;10
SBERP;0;20211004;100610;316.500000000;10
SBERP;0;20211004;100616;316.600000000;100
SBERP;0;20211004;100616;316.610000000;750
SBERP;0;20211004;100616;316.610000000;220
SBERP;0;20211004;100616;316.610000000;100
SBERP;0;20211004;100621;316.530000000;730
SBERP;0;20211004;100623;316.610000000;10
SBERP;0;20211004;100624;316.500000000;100
SBERP;0;20211004;100624;316.480000000;10
SBERP;0;20211004;100625;316.550000000;10
SBERP;0;20211004;100626;316.450000000;150
SBERP;0;20211004;100626;316.610000000;20
SBERP;0;20211004;100627;316.440000000;170
SBERP;0;20211004;100627;316.610000000;50
SBERP;0;20211004;100629;316.610000000;10
SBERP;0;20211004;100629;316.610000000;10
SBERP;0;20211004;100632;316.600000000;70
SBERP;0;20211004;100632;316.600000000;40
SBERP;0;20211004;100634;316.480000000;530
SBERP;0;20211004;100634;316.480000000;470
SBERP;0;20211004;100636;316.500000000;200
SBERP;0;20211004;100637;316.550000000;10
SBERP;0;20211004;100637;316.480000000;230
SBERP;0;20211004;100637;316.610000000;10
SBERP;0;20211004;100648;316.610000000;130
SBERP;0;20211004;100650;316.610000000;10
SBERP;0;20211004;100651;316.610000000;1520
SBERP;0;20211004;100651;316.610000000;530
SBERP;0;20211004;100651;316.610000000;450
SBERP;0;20211004;100651;316.610000000;1250
SBERP;0;20211004;100651;316.650000000;440
SBERP;0;20211004;100651;316.660000000;10
SBERP;0;20211004;100651;316.670000000;100
SBERP;0;20211004;100651;316.670000000;100
SBERP;0;20211004;100651;316.620000000;500
SBERP;0;20211004;100651;316.620000000;500
SBERP;0;20211004;100651;316.620000000;860
SBERP;0;20211004;100651;316.670000000;270
SBERP;0;20211004;100651;316.680000000;10
SBERP;0;20211004;100651;316.720000000;350
SBERP;0;20211004;100651;316.720000000;320
SBERP;0;20211004;100651;316.730000000;820
SBERP;0;20211004;100651;316.750000000;160
SBERP;0;20211004;100651;316.760000000;160
SBERP;0;20211004;100651;316.770000000;160
SBERP;0;20211004;100651;316.780000000;160
SBERP;0;20211004;100651;316.800000000;20
SBERP;0;20211004;100651;316.810000000;10
SBERP;0;20211004;100651;316.940000000;10
SBERP;0;20211004;100651;316.950000000;100
SBERP;0;20211004;100651;316.960000000;130
SBERP;0;20211004;100651;316.970000000;1000
SBERP;0;20211004;100651;317.000000000;50
SBERP;0;20211004;100651;317.000000000;100
SBERP;0;20211004;100651;317.000000000;10
SBERP;0;20211004;100651;317.000000000;10
SBERP;0;20211004;100651;317.010000000;400
SBERP;0;20211004;100651;317.020000000;160
SBERP;0;20211004;100651;317.020000000;210
SBERP;0;20211004;100651;317.050000000;50
SBERP;0;20211004;100652;316.640000000;500
SBERP;0;20211004;100652;316.840000000;220
SBERP;0;20211004;100652;316.610000000;10
SBERP;0;20211004;100652;316.630000000;10
SBERP;0;20211004;100658;316.510000000;10
SBERP;0;20211004;100700;316.630000000;10
SBERP;0;20211004;100701;316.630000000;10
SBERP;0;20211004;100701;316.630000000;10
SBERP;0;20211004;100701;316.620000000;490
SBERP;0;20211004;100701;316.630000000;160
SBERP;0;20211004;100701;316.630000000;500
SBERP;0;20211004;100701;316.630000000;3300
SBERP;0;20211004;100703;316.470000000;10
SBERP;0;20211004;100703;316.470000000;20
SBERP;0;20211004;100703;316.470000000;30
SBERP;0;20211004;100703;316.470000000;50
SBERP;0;20211004;100703;316.470000000;460
SBERP;0;20211004;100704;316.300000000;10
SBERP;0;20211004;100705;316.460000000;500
SBERP;0;20211004;100705;316.460000000;260
SBERP;0;20211004;100707;316.430000000;10
SBERP;0;20211004;100709;316.200000000;150
SBERP;0;20211004;100709;316.370000000;10
SBERP;0;20211004;100710;316.210000000;10
SBERP;0;20211004;100713;316.360000000;10
SBERP;0;20211004;100717;316.340000000;10
SBERP;0;20211004;100719;316.330000000;40
SBERP;0;20211004;100721;316.210000000;10
SBERP;0;20211004;100721;316.350000000;10
SBERP;0;20211004;100722;316.370000000;10
SBERP;0;20211004;100727;316.390000000;10
SBERP;0;20211004;100731;316.380000000;10
SBERP;0;20211004;100732;316.390000000;10
SBERP;0;20211004;100733;316.390000000;10
SBERP;0;20211004;100734;316.400000000;10
SBERP;0;20211004;100735;316.240000000;20
SBERP;0;20211004;100735;316.380000000;100
SBERP;0;20211004;100739;316.380000000;10
SBERP;0;20211004;100742;316.400000000;460
SBERP;0;20211004;100742;316.400000000;10
SBERP;0;20211004;100742;316.400000000;230
SBERP;0;20211004;100748;316.380000000;10
SBERP;0;20211004;100749;316.380000000;10
SBERP;0;20211004;100750;316.380000000;10
SBERP;0;20211004;100751;316.250000000;230
SBERP;0;20211004;100754;316.380000000;10
SBERP;0;20211004;100754;316.380000000;10
SBERP;0;20211004;100757;316.370000000;10
SBERP;0;20211004;100800;316.370000000;10
SBERP;0;20211004;100801;316.220000000;40
SBERP;0;20211004;100801;316.200000000;1850
SBERP;0;20211004;100801;316.200000000;100
SBERP;0;20211004;100801;316.200000000;20
SBERP;0;20211004;100801;316.110000000;10
SBERP;0;20211004;100801;316.110000000;100
SBERP;0;20211004;100801;316.110000000;440
SBERP;0;20211004;100801;316.110000000;160
SBERP;0;20211004;100802;316.290000000;90
SBERP;0;20211004;100804;316.290000000;20
SBERP;0;20211004;100805;316.100000000;10
SBERP;0;20211004;100808;316.100000000;30
SBERP;0;20211004;100808;316.100000000;10
SBERP;0;20211004;100811;316.220000000;20
SBERP;0;20211004;100816;316.230000000;10
SBERP;0;20211004;100830;316.100000000;10
SBERP;0;20211004;100838;316.200000000;40
SBERP;0;20211004;100839;316.240000000;120
SBERP;0;20211004;100844;316.240000000;490
SBERP;0;20211004;100849;316.130000000;230
SBERP;0;20211004;100855;316.100000000;40
SBERP;0;20211004;100855;316.100000000;60
SBERP;0;20211004;100856;316.230000000;30
SBERP;0;20211004;100857;316.100000000;10
SBERP;0;20211004;100858;316.230000000;10
SBERP;0;20211004;100859;316.240000000;10
SBERP;0;20211004;100859;316.240000000;10
SBERP;0;20211004;100901;316.100000000;10
SBERP;0;20211004;100901;316.060000000;10
SBERP;0;20211004;100902;316.220000000;10
SBERP;0;20211004;100905;316.210000000;10
SBERP;0;20211004;100907;316.200000000;490
SBERP;0;20211004;100907;316.200000000;90
SBERP;0;20211004;100907;316.210000000;100
SBERP;0;20211004;100907;316.220000000;210
SBERP;0;20211004;100907;316.230000000;40
SBERP;0;20211004;100907;316.230000000;70
SBERP;0;20211004;100908;316.070000000;500
SBERP;0;20211004;100910;316.200000000;100
SBERP;0;20211004;100911;316.200000000;30
SBERP;0;20211004;100913;316.100000000;10
SBERP;0;20211004;100913;316.040000000;10
SBERP;0;20211004;100923;316.100000000;10
SBERP;0;20211004;100925;316.020000000;10
SBERP;0;20211004;100925;316.100000000;490
SBERP;0;20211004;100926;316.040000000;500
SBERP;0;20211004;100927;316.160000000;10
SBERP;0;20211004;100932;316.050000000;10
SBERP;0;20211004;100939;316.150000000;10
SBERP;0;20211004;100939;316.050000000;10
SBERP;0;20211004;100942;316.060000000;10
SBERP;0;20211004;100942;316.150000000;20
SBERP;0;20211004;100942;316.160000000;440
SBERP;0;20211004;100942;316.160000000;350
SBERP;0;20211004;100942;316.160000000;350
SBERP;0;20211004;100942;316.160000000;300
SBERP;0;20211004;100942;316.160000000;210
SBERP;0;20211004;100942;316.160000000;10
SBERP;0;20211004;100945;316.150000000;30
SBERP;0;20211004;100952;316.150000000;10
SBERP;0;20211004;100958;316.200000000;10
SBERP;0;20211004;101000;316.200000000;260
SBERP;0;20211004;101000;316.250000000;10
SBERP;0;20211004;101000;316.150000000;500
SBERP;0;20211004;101002;316.150000000;40
SBERP;0;20211004;101002;316.150000000;660
SBERP;0;20211004;101004;316.250000000;610
SBERP;0;20211004;101004;316.250000000;380
SBERP;0;20211004;101004;316.260000000;150
SBERP;0;20211004;101007;316.290000000;10
SBERP;0;20211004;101008;316.170000000;500
SBERP;0;20211004;101008;316.170000000;500
SBERP;0;20211004;101008;316.170000000;30
SBERP;0;20211004;101008;316.170000000;270
SBERP;0;20211004;101008;316.140000000;250
SBERP;0;20211004;101008;316.130000000;220
SBERP;0;20211004;101008;316.130000000;30
SBERP;0;20211004;101008;316.130000000;220
SBERP;0;20211004;101008;316.120000000;30
SBERP;0;20211004;101008;316.120000000;220
SBERP;0;20211004;101008;316.110000000;250
SBERP;0;20211004;101008;316.100000000;250
SBERP;0;20211004;101008;316.090000000;10
SBERP;0;20211004;101008;316.090000000;240
SBERP;0;20211004;101008;316.080000000;10
SBERP;0;20211004;101008;316.080000000;240
SBERP;0;20211004;101008;316.070000000;220
SBERP;0;20211004;101008;316.070000000;250
SBERP;0;20211004;101008;316.060000000;10
SBERP;0;20211004;101008;316.060000000;250
SBERP;0;20211004;101008;316.050000000;10
SBERP;0;20211004;101008;316.050000000;100
SBERP;0;20211004;101008;316.050000000;250
SBERP;0;20211004;101008;316.040000000;80
SBERP;0;20211004;101008;316.040000000;250
SBERP;0;20211004;101008;316.030000000;80
SBERP;0;20211004;101008;316.030000000;140
SBERP;0;20211004;101008;316.030000000;250
SBERP;0;20211004;101011;316.180000000;950
SBERP;0;20211004;101011;316.180000000;10
SBERP;0;20211004;101014;316.210000000;10
SBERP;0;20211004;101015;316.180000000;10
SBERP;0;20211004;101015;316.200000000;10
SBERP;0;20211004;101015;316.180000000;220
SBERP;0;20211004;101019;316.170000000;10
SBERP;0;20211004;101026;316.060000000;10
SBERP;0;20211004;101034;316.060000000;130
SBERP;0;20211004;101034;316.060000000;40
SBERP;0;20211004;101037;316.060000000;10
SBERP;0;20211004;101037;316.170000000;10
SBERP;0;20211004;101039;316.170000000;10
SBERP;0;20211004;101039;316.030000000;10
SBERP;0;20211004;101040;316.030000000;10
SBERP;0;20211004;101042;316.030000000;950
SBERP;0;20211004;101042;316.020000000;10
SBERP;0;20211004;101042;316.010000000;1190
SBERP;0;20211004;101042;316.010000000;10
SBERP;0;20211004;101042;316.000000000;10
SBERP;0;20211004;101042;316.000000000;50
SBERP;0;20211004;101042;316.000000000;18750
SBERP;0;20211004;101042;316.000000000;1250
SBERP;0;20211004;101042;316.000000000;10
SBERP;0;20211004;101042;316.000000000;10
SBERP;0;20211004;101042;316.000000000;100
SBERP;0;20211004;101042;316.000000000;140
SBERP;0;20211004;101042;316.000000000;70
SBERP;0;20211004;101042;315.980000000;250
SBERP;0;20211004;101042;315.970000000;250
SBERP;0;20211004;101042;315.960000000;250
SBERP;0;20211004;101042;316.010000000;40
SBERP;0;20211004;101042;316.010000000;150
SBERP;0;20211004;101042;316.010000000;130
SBERP;0;20211004;101042;316.010000000;170
SBERP;0;20211004;101042;315.900000000;10
SBERP;0;20211004;101042;315.890000000;20
SBERP;0;20211004;101042;315.880000000;20
SBERP;0;20211004;101042;315.840000000;250
SBERP;0;20211004;101042;315.830000000;160
SBERP;0;20211004;101042;315.830000000;250
SBERP;0;20211004;101042;315.820000000;10
SBERP;0;20211004;101042;315.820000000;250
SBERP;0;20211004;101042;315.810000000;250
SBERP;0;20211004;101042;315.800000000;250
SBERP;0;20211004;101042;315.790000000;250
SBERP;0;20211004;101042;315.780000000;250
SBERP;0;20211004;101042;315.780000000;1030
SBERP;0;20211004;101042;315.900000000;310
SBERP;0;20211004;101049;315.830000000;10
SBERP;0;20211004;101049;315.830000000;90
SBERP;0;20211004;101049;315.830000000;250
SBERP;0;20211004;101051;315.880000000;50
SBERP;0;20211004;101052;315.880000000;100
SBERP;0;20211004;101052;315.790000000;10
SBERP;0;20211004;101052;315.880000000;10
SBERP;0;20211004;101053;315.880000000;10
SBERP;0;20211004;101100;315.800000000;100
SBERP;0;20211004;101100;315.910000000;500
SBERP;0;20211004;101115;315.790000000;10
SBERP;0;20211004;101115;315.790000000;220
SBERP;0;20211004;101120;315.890000000;20
SBERP;0;20211004;101124;315.800000000;60
SBERP;0;20211004;101124;315.800000000;320
SBERP;0;20211004;101124;315.800000000;500
SBERP;0;20211004;101124;315.790000000;280
SBERP;0;20211004;101124;315.730000000;250
SBERP;0;20211004;101124;315.720000000;250
SBERP;0;20211004;101124;315.720000000;100
SBERP;0;20211004;101124;315.710000000;250
SBERP;0;20211004;101124;315.700000000;10
SBERP;0;20211004;101124;315.700000000;250
SBERP;0;20211004;101124;315.690000000;250
SBERP;0;20211004;101124;315.680000000;250
SBERP;0;20211004;101124;315.670000000;230
SBERP;0;20211004;101124;315.880000000;50
SBERP;0;20211004;101130;315.800000000;110
SBERP;0;20211004;101131;315.880000000;10
SBERP;0;20211004;101131;315.730000000;30
SBERP;0;20211004;101135;315.890000000;10
SBERP;0;20211004;101138;315.890000000;100
SBERP;0;20211004;101145;315.850000000;10
SBERP;0;20211004;101148;315.860000000;50
SBERP;0;20211004;101156;315.850000000;10
SBERP;0;20211004;101203;315.770000000;60
SBERP;0;20211004;101205;315.770000000;10
SBERP;0;20211004;101207;315.850000000;10
SBERP;0;20211004;101211;315.850000000;30
SBERP;0;20211004;101216;315.770000000;10
SBERP;0;20211004;101216;315.770000000;500
SBERP;0;20211004;101216;315.770000000;260
SBERP;0;20211004;101217;315.900000000;10
SBERP;0;20211004;101217;315.900000000;100
SBERP;0;20211004;101221;315.770000000;10
SBERP;0;20211004;101222;315.880000000;10
SBERP;0;20211004;101225;315.780000000;10
SBERP;0;20211004;101230;315.880000000;10
SBERP;0;20211004;101235;315.900000000;500
SBERP;0;20211004;101235;315.900000000;600
SBERP;0;20211004;101235;315.910000000;70
SBERP;0;20211004;101235;315.910000000;250
SBERP;0;20211004;101235;315.920000000;250
SBERP;0;20211004;101235;315.900000000;1000
SBERP;0;20211004;101236;315.940000000;300
SBERP;0;20211004;101236;315.940000000;130
SBERP;0;20211004;101236;315.960000000;170
SBERP;0;20211004;101240;315.970000000;10
SBERP;0;20211004;101249;315.850000000;360
SBERP;0;20211004;101255;315.950000000;10
SBERP;0;20211004;101256;315.970000000;20
SBERP;0;20211004;101257;315.970000000;100
SBERP;0;20211004;101311;315.880000000;10
SBERP;0;20211004;101311;315.830000000;40
SBERP;0;20211004;101311;315.820000000;220
SBERP;0;20211004;101319;315.960000000;10
SBERP;0;20211004;101331;315.900000000;100
SBERP;0;20211004;101336;315.920000000;50
SBERP;0;20211004;101338;315.810000000;220
SBERP;0;20211004;101338;315.790000000;10
SBERP;0;20211004;101338;315.790000000;510
SBERP;0;20211004;101338;315.780000000;1110
SBERP;0;20211004;101338;315.780000000;2890
SBERP;0;20211004;101338;315.770000000;30
SBERP;0;20211004;101338;315.770000000;250
SBERP;0;20211004;101338;315.750000000;20
SBERP;0;20211004;101338;315.750000000;10
SBERP;0;20211004;101338;315.750000000;250
SBERP;0;20211004;101338;315.740000000;250
SBERP;0;20211004;101338;315.700000000;1000
SBERP;0;20211004;101338;315.690000000;510
SBERP;0;20211004;101338;315.680000000;800
SBERP;0;20211004;101338;315.680000000;200
SBERP;0;20211004;101338;315.680000000;80
SBERP;0;20211004;101338;315.680000000;220
SBERP;0;20211004;101338;315.680000000;320
SBERP;0;20211004;101338;315.730000000;250
SBERP;0;20211004;101339;315.680000000;310
SBERP;0;20211004;101339;315.680000000;70
SBERP;0;20211004;101339;315.680000000;240
SBERP;0;20211004;101339;315.680000000;130
SBERP;0;20211004;101340;315.670000000;10
SBERP;0;20211004;101340;315.670000000;10
SBERP;0;20211004;101342;315.640000000;150
SBERP;0;20211004;101345;315.560000000;10
SBERP;0;20211004;101346;315.540000000;10
SBERP;0;20211004;101347;315.580000000;10
SBERP;0;20211004;101347;315.500000000;10
SBERP;0;20211004;101347;315.500000000;10
SBERP;0;20211004;101347;315.500000000;10
SBERP;0;20211004;101347;315.500000000;20
SBERP;0;20211004;101400;315.490000000;990
SBERP;0;20211004;101400;315.500000000;250
SBERP;0;20211004;101400;315.510000000;250
SBERP;0;20211004;101400;315.520000000;250
SBERP;0;20211004;101400;315.530000000;250
SBERP;0;20211004;101400;315.540000000;250
SBERP;0;20211004;101400;315.540000000;1370
SBERP;0;20211004;101400;315.550000000;370
SBERP;0;20211004;101400;315.550000000;250
SBERP;0;20211004;101400;315.560000000;210
SBERP;0;20211004;101400;315.560000000;250
SBERP;0;20211004;101400;315.570000000;250
SBERP;0;20211004;101400;315.570000000;630
SBERP;0;20211004;101400;315.580000000;250
SBERP;0;20211004;101400;315.550000000;50
SBERP;0;20211004;101418;315.390000000;30
SBERP;0;20211004;101418;315.540000000;10
SBERP;0;20211004;101420;315.390000000;500
SBERP;0;20211004;101444;315.390000000;330
SBERP;0;20211004;101444;315.390000000;170
SBERP;0;20211004;101445;315.390000000;40
SBERP;0;20211004;101448;315.390000000;40
SBERP;0;20211004;101451;315.550000000;200
SBERP;0;20211004;101451;315.550000000;10
SBERP;0;20211004;101451;315.550000000;40
SBERP;0;20211004;101451;315.550000000;250
SBERP;0;20211004;101451;315.550000000;1030
SBERP;0;20211004;101451;315.560000000;500
SBERP;0;20211004;101451;315.560000000;500
SBERP;0;20211004;101451;315.560000000;300
SBERP;0;20211004;101451;315.560000000;250
SBERP;0;20211004;101451;315.560000000;420
SBERP;0;20211004;101451;315.570000000;250
SBERP;0;20211004;101451;315.580000000;250
SBERP;0;20211004;101451;315.590000000;180
SBERP;0;20211004;101457;315.480000000;80
SBERP;0;20211004;101500;315.590000000;10
SBERP;0;20211004;101500;315.510000000;40
SBERP;0;20211004;101501;315.600000000;180
SBERP;0;20211004;101501;315.590000000;30
SBERP;0;20211004;101501;315.600000000;130
SBERP;0;20211004;101501;315.600000000;90
SBERP;0;20211004;101501;315.600000000;770
SBERP;0;20211004;101515;315.570000000;100
SBERP;0;20211004;101517;315.620000000;10
SBERP;0;20211004;101518;315.620000000;150
SBERP;0;20211004;101519;315.550000000;20
SBERP;0;20211004;101522;315.610000000;110
SBERP;0;20211004;101522;315.620000000;300
SBERP;0;20211004;101522;315.620000000;100
SBERP;0;20211004;101522;315.620000000;100
SBERP;0;20211004;101522;315.620000000;50
SBERP;0;20211004;101522;315.620000000;50
SBERP;0;20211004;101525;315.620000000;40
SBERP;0;20211004;101525;315.620000000;10
SBERP;0;20211004;101525;315.620000000;20
SBERP;0;20211004;101525;315.620000000;30
SBERP;0;20211004;101525;315.620000000;10
SBERP;0;20211004;101525;315.620000000;20
SBERP;0;20211004;101525;315.620000000;30
SBERP;0;20211004;101525;315.620000000;30
SBERP;0;20211004;101525;315.620000000;230
SBERP;0;20211004;101527;315.600000000;20
SBERP;0;20211004;101532;315.570000000;10
SBERP;0;20211004;101533;315.640000000;10
SBERP;0;20211004;101533;315.640000000;20
SBERP;0;20211004;101538;315.620000000;10
SBERP;0;20211004;101538;315.630000000;90
SBERP;0;20211004;101545;315.620000000;10
SBERP;0;20211004;101554;315.610000000;50
SBERP;0;20211004;101555;315.610000000;10
SBERP;0;20211004;101555;315.570000000;300
SBERP;0;20211004;101555;315.570000000;340
SBERP;0;20211004;101555;315.570000000;360
SBERP;0;20211004;101555;315.570000000;140
SBERP;0;20211004;101555;315.570000000;500
SBERP;0;20211004;101558;315.610000000;20
SBERP;0;20211004;101558;315.610000000;10
SBERP;0;20211004;101558;315.610000000;40
SBERP;0;20211004;101600;315.630000000;20
SBERP;0;20211004;101601;315.660000000;20
SBERP;0;20211004;101601;315.660000000;20
SBERP;0;20211004;101601;315.660000000;80
SBERP;0;20211004;101601;315.660000000;50
SBERP;0;20211004;101601;315.660000000;30
SBERP;0;20211004;101601;315.660000000;40
SBERP;0;20211004;101601;315.680000000;10
SBERP;0;20211004;101603;315.680000000;680
SBERP;0;20211004;101603;315.680000000;120
SBERP;0;20211004;101603;315.690000000;100
SBERP;0;20211004;101603;315.720000000;60
SBERP;0;20211004;101604;315.750000000;560
SBERP;0;20211004;101604;315.750000000;440
SBERP;0;20211004;101604;315.750000000;10
SBERP;0;20211004;101604;315.770000000;10
SBERP;0;20211004;101604;315.780000000;40
SBERP;0;20211004;101607;315.840000000;50
SBERP;0;20211004;101624;315.820000000;10
SBERP;0;20211004;101629;315.820000000;10
SBERP;0;20211004;101635;315.820000000;10
SBERP;0;20211004;101635;315.820000000;230
SBERP;0;20211004;101636;315.820000000;20
SBERP;0;20211004;101640;315.680000000;50
SBERP;0;20211004;101641;315.830000000;10
SBERP;0;20211004;101641;315.820000000;30
SBERP;0;20211004;101641;315.820000000;500
SBERP;0;20211004;101641;315.830000000;240
SBERP;0;20211004;101641;315.830000000;360
SBERP;0;20211004;101642;315.720000000;20
SBERP;0;20211004;101643;315.840000000;210
SBERP;0;20211004;101649;315.830000000;10
SBERP;0;20211004;101649;315.820000000;70
SBERP;0;20211004;101649;315.820000000;930
SBERP;0;20211004;101654;315.830000000;10
SBERP;0;20211004;101656;315.710000000;10
SBERP;0;20211004;101657;315.820000000;10
SBERP;0;20211004;101659;315.820000000;10
SBERP;0;20211004;101701;315.740000000;10
SBERP;0;20211004;101706;315.750000000;10
SBERP;0;20211004;101706;315.750000000;30
SBERP;0;20211004;101706;315.750000000;60
SBERP;0;20211004;101706;315.820000000;10
SBERP;0;20211004;101709;315.720000000;10
SBERP;0;20211004;101709;315.720000000;260
SBERP;0;20211004;101709;315.710000000;10
SBERP;0;20211004;101713;315.770000000;10
SBERP;0;20211004;101714;315.770000000;10
SBERP;0;20211004;101716;315.770000000;100
SBERP;0;20211004;101717;315.770000000;30
SBERP;0;20211004;101718;315.750000000;300
SBERP;0;20211004;101721;315.720000000;80
SBERP;0;20211004;101721;315.700000000;10
SBERP;0;20211004;101724;315.710000000;10
SBERP;0;20211004;101724;315.640000000;10
SBERP;0;20211004;101743;315.590000000;340
SBERP;0;20211004;101752;315.710000000;30
SBERP;0;20211004;101752;315.710000000;10
SBERP;0;20211004;101756;315.710000000;10
SBERP;0;20211004;101812;315.600000000;20
SBERP;0;20211004;101813;315.710000000;10
SBERP;0;20211004;101814;315.700000000;10
SBERP;0;20211004;101814;315.710000000;100
SBERP;0;20211004;101821;315.710000000;10
SBERP;0;20211004;101822;315.600000000;180
SBERP;0;20211004;101822;315.590000000;40
SBERP;0;20211004;101822;315.550000000;10
SBERP;0;20211004;101824;315.630000000;10
SBERP;0;20211004;101833;315.670000000;10
SBERP;0;20211004;101840;315.520000000;140
SBERP;0;20211004;101841;315.630000000;10
SBERP;0;20211004;101841;315.630000000;10
SBERP;0;20211004;101843;315.660000000;40
SBERP;0;20211004;101851;315.660000000;10
SBERP;0;20211004;101853;315.580000000;10
SBERP;0;20211004;101854;315.580000000;10
SBERP;0;20211004;101855;315.580000000;10
SBERP;0;20211004;101858;315.660000000;10
SBERP;0;20211004;101903;315.660000000;30
SBERP;0;20211004;101908;315.600000000;10
SBERP;0;20211004;101910;315.510000000;10
SBERP;0;20211004;101911;315.510000000;290
SBERP;0;20211004;101911;315.500000000;10
SBERP;0;20211004;101911;315.500000000;10
SBERP;0;20211004;101911;315.500000000;10
SBERP;0;20211004;101911;315.490000000;210
SBERP;0;20211004;101911;315.490000000;600
SBERP;0;20211004;101911;315.510000000;280
SBERP;0;20211004;101915;315.360000000;10
SBERP;0;20211004;101915;315.410000000;10
SBERP;0;20211004;101915;315.360000000;10
SBERP;0;20211004;101916;315.280000000;150
SBERP;0;20211004;101917;315.240000000;770
SBERP;0;20211004;101917;315.240000000;510
SBERP;0;20211004;101919;315.210000000;1010
SBERP;0;20211004;101919;315.210000000;250
SBERP;0;20211004;101920;315.290000000;10
SBERP;0;20211004;101920;315.190000000;60
SBERP;0;20211004;101923;315.250000000;10
SBERP;0;20211004;101934;315.120000000;10
SBERP;0;20211004;101934;315.100000000;50
SBERP;0;20211004;101934;315.080000000;30
SBERP;0;20211004;101934;315.120000000;10
SBERP;0;20211004;101934;315.080000000;1240
SBERP;0;20211004;101934;315.060000000;250
SBERP;0;20211004;101934;315.050000000;250
SBERP;0;20211004;101934;315.040000000;250
SBERP;0;20211004;101934;315.030000000;250
SBERP;0;20211004;101934;315.020000000;1000
SBERP;0;20211004;101934;315.020000000;250
SBERP;0;20211004;101934;315.010000000;250
SBERP;0;20211004;101934;315.000000000;10
SBERP;0;20211004;101934;315.000000000;10
SBERP;0;20211004;101934;315.000000000;20
SBERP;0;20211004;101934;315.000000000;10
SBERP;0;20211004;101934;315.000000000;10
SBERP;0;20211004;101934;315.000000000;10
SBERP;0;20211004;101934;315.000000000;40
SBERP;0;20211004;101934;315.000000000;20
SBERP;0;20211004;101934;315.000000000;10
SBERP;0;20211004;101934;315.000000000;10
SBERP;0;20211004;101934;315.000000000;10
SBERP;0;20211004;101934;315.000000000;90
SBERP;0;20211004;101934;315.000000000;100
SBERP;0;20211004;101934;315.000000000;80
SBERP;0;20211004;101934;315.120000000;240
SBERP;0;20211004;101939;315.160000000;40
SBERP;0;20211004;101948;315.110000000;480
SBERP;0;20211004;101948;315.160000000;40
SBERP;0;20211004;101954;315.060000000;20
SBERP;0;20211004;101956;315.070000000;40
SBERP;0;20211004;101956;315.060000000;460
SBERP;0;20211004;101958;315.160000000;80
SBERP;0;20211004;102003;315.150000000;10
SBERP;0;20211004;102007;315.140000000;10
SBERP;0;20211004;102016;315.160000000;350
SBERP;0;20211004;102021;315.160000000;10
SBERP;0;20211004;102021;315.110000000;20
SBERP;0;20211004;102024;315.110000000;10
SBERP;0;20211004;102024;315.160000000;10
SBERP;0;20211004;102024;315.160000000;10
SBERP;0;20211004;102024;315.170000000;10
SBERP;0;20211004;102025;315.170000000;10
SBERP;0;20211004;102025;315.170000000;50
SBERP;0;20211004;102033;315.170000000;10
SBERP;0;20211004;102040;315.160000000;10
SBERP;0;20211004;102041;315.170000000;10
SBERP;0;20211004;102042;315.160000000;60
SBERP;0;20211004;102042;315.160000000;10
SBERP;0;20211004;102042;315.100000000;10
SBERP;0;20211004;102042;315.060000000;10
SBERP;0;20211004;102042;315.030000000;10
SBERP;0;20211004;102042;315.030000000;90
SBERP;0;20211004;102042;315.030000000;10
SBERP;0;20211004;102042;315.020000000;190
SBERP;0;20211004;102042;315.010000000;450
SBERP;0;20211004;102042;315.010000000;20
SBERP;0;20211004;102042;315.010000000;350
SBERP;0;20211004;102042;315.000000000;280
SBERP;0;20211004;102042;315.000000000;10
SBERP;0;20211004;102042;315.000000000;30
SBERP;0;20211004;102042;315.000000000;100
SBERP;0;20211004;102042;315.000000000;10
SBERP;0;20211004;102042;315.000000000;10
SBERP;0;20211004;102042;315.000000000;10
SBERP;0;20211004;102042;315.000000000;10
SBERP;0;20211004;102042;315.000000000;10
SBERP;0;20211004;102042;315.000000000;10
SBERP;0;20211004;102042;315.000000000;50
SBERP;0;20211004;102042;315.000000000;150
SBERP;0;20211004;102042;315.000000000;10
SBERP;0;20211004;102042;315.000000000;20
SBERP;0;20211004;102042;315.000000000;10
SBERP;0;20211004;102042;315.000000000;10
SBERP;0;20211004;102042;315.000000000;500
SBERP;0;20211004;102042;315.000000000;420
SBERP;0;20211004;102054;315.170000000;10
SBERP;0;20211004;102057;315.170000000;220
SBERP;0;20211004;102057;315.180000000;250
SBERP;0;20211004;102057;315.190000000;30
SBERP;0;20211004;102057;315.100000000;10
SBERP;0;20211004;102058;315.100000000;120
SBERP;0;20211004;102058;315.100000000;110
SBERP;0;20211004;102058;315.000000000;10
SBERP;0;20211004;102058;315.000000000;10
SBERP;0;20211004;102058;315.000000000;10
SBERP;0;20211004;102058;315.000000000;10
SBERP;0;20211004;102058;314.990000000;50
SBERP;0;20211004;102101;315.150000000;20
SBERP;0;20211004;102102;315.150000000;10
SBERP;0;20211004;102103;315.150000000;100
SBERP;0;20211004;102105;315.150000000;60
SBERP;0;20211004;102108;315.150000000;50
SBERP;0;20211004;102110;315.150000000;310
SBERP;0;20211004;102112;315.120000000;10
SBERP;0;20211004;102120;315.130000000;10
SBERP;0;20211004;102121;315.130000000;10
SBERP;0;20211004;102132;315.000000000;10
SBERP;0;20211004;102133;315.000000000;40
SBERP;0;20211004;102134;315.000000000;10
SBERP;0;20211004;102137;315.100000000;20
SBERP;0;20211004;102139;315.100000000;80
SBERP;0;20211004;102141;315.120000000;70
SBERP;0;20211004;102141;315.120000000;10
SBERP;0;20211004;102141;315.020000000;20
SBERP;0;20211004;102143;315.010000000;10
SBERP;0;20211004;102143;315.010000000;100
SBERP;0;20211004;102148;315.140000000;10
SBERP;0;20211004;102151;315.020000000;30
SBERP;0;20211004;102151;315.020000000;110
SBERP;0;20211004;102151;315.120000000;20
SBERP;0;20211004;102201;315.020000000;40
SBERP;0;20211004;102204;315.020000000;50
SBERP;0;20211004;102205;315.010000000;60
SBERP;0;20211004;102206;315.010000000;10
SBERP;0;20211004;102208;315.010000000;20
SBERP;0;20211004;102209;315.120000000;10
SBERP;0;20211004;102213;315.120000000;290
SBERP;0;20211004;102213;315.130000000;490
SBERP;0;20211004;102213;315.140000000;500
SBERP;0;20211004;102213;315.140000000;530
SBERP;0;20211004;102213;315.120000000;490
SBERP;0;20211004;102213;315.140000000;240
SBERP;0;20211004;102213;315.140000000;490
SBERP;0;20211004;102214;315.080000000;500
SBERP;0;20211004;102214;315.080000000;500
SBERP;0;20211004;102214;315.080000000;180
SBERP;0;20211004;102214;315.080000000;50
SBERP;0;20211004;102215;315.160000000;20
SBERP;0;20211004;102217;315.160000000;60
SBERP;0;20211004;102217;315.160000000;40
SBERP;0;20211004;102217;315.160000000;10
SBERP;0;20211004;102217;315.160000000;50
SBERP;0;20211004;102218;315.190000000;100
SBERP;0;20211004;102225;315.120000000;10
SBERP;0;20211004;102225;315.120000000;10
SBERP;0;20211004;102225;315.110000000;110
SBERP;0;20211004;102227;315.060000000;10
SBERP;0;20211004;102229;315.180000000;10
SBERP;0;20211004;102232;315.190000000;220
SBERP;0;20211004;102238;315.190000000;490
SBERP;0;20211004;102238;315.200000000;20
SBERP;0;20211004;102240;315.190000000;80
SBERP;0;20211004;102246;315.190000000;50
SBERP;0;20211004;102248;315.190000000;10
SBERP;0;20211004;102248;315.070000000;10
SBERP;0;20211004;102249;315.070000000;10
SBERP;0;20211004;102249;315.070000000;20
SBERP;0;20211004;102255;315.130000000;10
SBERP;0;20211004;102255;315.200000000;10
SBERP;0;20211004;102255;315.130000000;10
SBERP;0;20211004;102255;315.130000000;50
SBERP;0;20211004;102256;315.130000000;60
SBERP;0;20211004;102256;315.120000000;10
SBERP;0;20211004;102258;315.060000000;10
SBERP;0;20211004;102258;315.060000000;100
SBERP;0;20211004;102258;315.040000000;20
SBERP;0;20211004;102259;315.030000000;50
SBERP;0;20211004;102259;315.030000000;50
SBERP;0;20211004;102259;315.030000000;30
SBERP;0;20211004;102259;315.160000000;30
SBERP;0;20211004;102305;315.030000000;20
SBERP;0;20211004;102305;315.030000000;80
SBERP;0;20211004;102306;315.020000000;20
SBERP;0;20211004;102308;315.020000000;10
SBERP;0;20211004;102309;315.030000000;90
SBERP;0;20211004;102310;315.030000000;30
SBERP;0;20211004;102310;315.140000000;610
SBERP;0;20211004;102310;315.140000000;160
SBERP;0;20211004;102310;315.140000000;10
SBERP;0;20211004;102310;315.160000000;160
SBERP;0;20211004;102310;315.160000000;860
SBERP;0;20211004;102310;315.170000000;190
SBERP;0;20211004;102310;315.170000000;500
SBERP;0;20211004;102310;315.170000000;500
SBERP;0;20211004;102310;315.180000000;700
SBERP;0;20211004;102310;315.180000000;250
SBERP;0;20211004;102310;315.190000000;490
SBERP;0;20211004;102310;315.190000000;570
SBERP;0;20211004;102310;315.040000000;40
SBERP;0;20211004;102313;315.040000000;70
SBERP;0;20211004;102315;315.170000000;20
SBERP;0;20211004;102318;315.170000000;10
SBERP;0;20211004;102319;315.170000000;10
SBERP;0;20211004;102320;315.040000000;10
SBERP;0;20211004;102332;315.040000000;280
SBERP;0;20211004;102332;315.040000000;10
SBERP;0;20211004;102332;315.040000000;340
SBERP;0;20211004;102332;315.020000000;10
SBERP;0;20211004;102332;315.020000000;940
SBERP;0;20211004;102332;315.010000000;200
SBERP;0;20211004;102332;315.000000000;940
SBERP;0;20211004;102332;315.000000000;10
SBERP;0;20211004;102332;315.000000000;10
SBERP;0;20211004;102332;315.000000000;400
SBERP;0;20211004;102332;315.000000000;100
SBERP;0;20211004;102332;315.000000000;10
SBERP;0;20211004;102332;315.000000000;20
SBERP;0;20211004;102332;315.000000000;800
SBERP;0;20211004;102332;315.040000000;500
SBERP;0;20211004;102333;314.990000000;450
SBERP;0;20211004;102333;314.990000000;10
SBERP;0;20211004;102333;314.990000000;20
SBERP;0;20211004;102333;314.990000000;340
SBERP;0;20211004;102334;314.980000000;10
SBERP;0;20211004;102335;314.980000000;50
SBERP;0;20211004;102335;314.980000000;100
SBERP;0;20211004;102336;315.060000000;60
SBERP;0;20211004;102338;315.050000000;30
SBERP;0;20211004;102340;314.960000000;10
SBERP;0;20211004;102340;315.050000000;50
SBERP;0;20211004;102347;315.050000000;10
SBERP;0;20211004;102352;314.960000000;20
SBERP;0;20211004;102355;315.050000000;10
SBERP;0;20211004;102356;314.960000000;20
SBERP;0;20211004;102400;315.050000000;30
SBERP;0;20211004;102402;315.040000000;30
SBERP;0;20211004;102405;315.030000000;10
SBERP;0;20211004;102406;315.030000000;480
SBERP;0;20211004;102406;315.030000000;20
SBERP;0;20211004;102406;315.030000000;310
SBERP;0;20211004;102406;315.040000000;420
SBERP;0;20211004;102406;315.020000000;370
SBERP;0;20211004;102406;315.020000000;90
SBERP;0;20211004;102406;315.020000000;30
SBERP;0;20211004;102406;315.010000000;450
SBERP;0;20211004;102406;315.010000000;40
SBERP;0;20211004;102407;315.040000000;10
SBERP;0;20211004;102407;315.040000000;10
SBERP;0;20211004;102407;315.040000000;10
SBERP;0;20211004;102407;315.040000000;10
SBERP;0;20211004;102407;315.040000000;10
SBERP;0;20211004;102409;315.040000000;10
SBERP;0;20211004;102415;315.030000000;10
SBERP;0;20211004;102418;315.010000000;240
SBERP;0;20211004;102420;314.990000000;10
SBERP;0;20211004;102420;314.980000000;90
SBERP;0;20211004;102420;314.960000000;50
SBERP;0;20211004;102420;314.960000000;40
SBERP;0;20211004;102420;314.960000000;10
SBERP;0;20211004;102420;314.950000000;90
SBERP;0;20211004;102421;314.950000000;10
SBERP;0;20211004;102421;314.930000000;60
SBERP;0;20211004;102421;314.930000000;30
SBERP;0;20211004;102421;314.930000000;40
SBERP;0;20211004;102425;314.930000000;930
SBERP;0;20211004;102426;314.900000000;10
SBERP;0;20211004;102426;314.900000000;10
SBERP;0;20211004;102426;314.880000000;10
SBERP;0;20211004;102426;314.880000000;20
SBERP;0;20211004;102428;314.990000000;10
SBERP;0;20211004;102432;315.010000000;20
SBERP;0;20211004;102435;314.890000000;10
SBERP;0;20211004;102436;314.890000000;10
SBERP;0;20211004;102436;314.890000000;100
SBERP;0;20211004;102439;315.000000000;10
SBERP;0;20211004;102446;315.000000000;100
SBERP;0;20211004;102452;315.020000000;10
SBERP;0;20211004;102501;315.000000000;10
SBERP;0;20211004;102504;314.990000000;330
SBERP;0;20211004;102504;315.000000000;330
SBERP;0;20211004;102505;315.010000000;300
SBERP;0;20211004;102508;314.980000000;40
SBERP;0;20211004;102508;314.940000000;180
SBERP;0;20211004;102508;314.930000000;40
SBERP;0;20211004;102509;314.920000000;50
SBERP;0;20211004;102509;315.020000000;10
SBERP;0;20211004;102510;314.920000000;10
SBERP;0;20211004;102510;314.920000000;10
SBERP;0;20211004;102514;315.020000000;10
SBERP;0;20211004;102515;315.020000000;110
SBERP;0;20211004;102516;315.040000000;10
SBERP;0;20211004;102516;315.040000000;10
SBERP;0;20211004;102518;315.040000000;10
SBERP;0;20211004;102523;315.020000000;10
SBERP;0;20211004;102525;315.020000000;10
SBERP;0;20211004;102527;315.020000000;10
SBERP;0;20211004;102533;315.020000000;10
SBERP;0;20211004;102537;315.010000000;10
SBERP;0;20211004;102539;315.010000000;10
SBERP;0;20211004;102541;315.010000000;20
SBERP;0;20211004;102543;315.020000000;460
SBERP;0;20211004;102543;315.040000000;30
SBERP;0;20211004;102543;315.050000000;10
SBERP;0;20211004;102543;315.050000000;30
SBERP;0;20211004;102543;315.050000000;10
SBERP;0;20211004;102543;315.050000000;10
SBERP;0;20211004;102543;315.050000000;10
SBERP;0;20211004;102543;315.050000000;20
SBERP;0;20211004;102543;315.050000000;10
SBERP;0;20211004;102543;315.050000000;10
SBERP;0;20211004;102543;315.070000000;360
SBERP;0;20211004;102543;315.070000000;520
SBERP;0;20211004;102543;315.070000000;260
SBERP;0;20211004;102543;315.070000000;260
SBERP;0;20211004;102543;315.070000000;120
SBERP;0;20211004;102543;315.080000000;10
SBERP;0;20211004;102544;315.080000000;130
SBERP;0;20211004;102544;315.090000000;150
SBERP;0;20211004;102544;315.090000000;120
SBERP;0;20211004;102544;315.100000000;500
SBERP;0;20211004;102544;315.110000000;10
SBERP;0;20211004;102544;315.110000000;100
SBERP;0;20211004;102550;315.140000000;300
SBERP;0;20211004;102550;315.140000000;150
SBERP;0;20211004;102551;315.140000000;20
SBERP;0;20211004;102554;315.070000000;100
SBERP;0;20211004;102554;315.070000000;100
SBERP;0;20211004;102557;315.130000000;170
SBERP;0;20211004;102559;315.100000000;10
SBERP;0;20211004;102601;315.140000000;100
SBERP;0;20211004;102601;315.140000000;10
SBERP;0;20211004;102602;315.030000000;10
SBERP;0;20211004;102602;315.140000000;10
SBERP;0;20211004;102603;315.030000000;10
SBERP;0;20211004;102605;315.140000000;10
SBERP;0;20211004;102606;315.030000000;60
SBERP;0;20211004;102609;315.140000000;30
SBERP;0;20211004;102610;315.140000000;100
SBERP;0;20211004;102611;315.030000000;350
SBERP;0;20211004;102614;315.030000000;130
SBERP;0;20211004;102616;315.030000000;60
SBERP;0;20211004;102618;315.140000000;110
SBERP;0;20211004;102619;315.140000000;80
SBERP;0;20211004;102619;315.140000000;20
SBERP;0;20211004;102619;315.140000000;620
SBERP;0;20211004;102621;315.050000000;20
SBERP;0;20211004;102621;315.020000000;120
SBERP;0;20211004;102623;315.020000000;120
SBERP;0;20211004;102625;315.100000000;10
SBERP;0;20211004;102628;315.020000000;10
SBERP;0;20211004;102631;315.120000000;40
SBERP;0;20211004;102639;315.030000000;10
SBERP;0;20211004;102641;315.030000000;10
SBERP;0;20211004;102645;315.030000000;100
SBERP;0;20211004;102645;315.030000000;30
SBERP;0;20211004;102645;315.030000000;40
SBERP;0;20211004;102645;315.030000000;10
SBERP;0;20211004;102647;315.030000000;200
SBERP;0;20211004;102657;315.090000000;40
SBERP;0;20211004;102657;315.090000000;10
SBERP;0;20211004;102657;315.090000000;80
SBERP;0;20211004;102657;315.090000000;90
SBERP;0;20211004;102658;315.090000000;50
SBERP;0;20211004;102658;315.090000000;20
SBERP;0;20211004;102704;315.090000000;10
SBERP;0;20211004;102707;315.040000000;30
SBERP;0;20211004;102707;315.040000000;60
SBERP;0;20211004;102708;315.040000000;30
SBERP;0;20211004;102708;315.040000000;50
SBERP;0;20211004;102708;315.040000000;50
SBERP;0;20211004;102708;315.090000000;10
SBERP;0;20211004;102710;315.040000000;100
SBERP;0;20211004;102711;315.090000000;10
SBERP;0;20211004;102711;315.040000000;20
SBERP;0;20211004;102711;315.030000000;60
SBERP;0;20211004;102716;315.030000000;250
SBERP;0;20211004;102716;315.020000000;90
SBERP;0;20211004;102716;315.020000000;10
SBERP;0;20211004;102716;315.020000000;80
SBERP;0;20211004;102716;315.020000000;20
SBERP;0;20211004;102716;315.020000000;10
SBERP;0;20211004;102716;315.000000000;70
SBERP;0;20211004;102716;315.000000000;10
SBERP;0;20211004;102716;315.000000000;10
SBERP;0;20211004;102716;315.000000000;50
SBERP;0;20211004;102716;315.000000000;10
SBERP;0;20211004;102716;314.990000000;10
SBERP;0;20211004;102722;315.030000000;20
SBERP;0;20211004;102727;315.060000000;30
SBERP;0;20211004;102728;315.060000000;10
SBERP;0;20211004;102730;315.000000000;10
SBERP;0;20211004;102730;314.920000000;70
SBERP;0;20211004;102730;314.910000000;170
SBERP;0;20211004;102731;314.910000000;30
SBERP;0;20211004;102731;314.910000000;50
SBERP;0;20211004;102731;314.910000000;70
SBERP;0;20211004;102733;315.020000000;10
SBERP;0;20211004;102734;314.900000000;10
SBERP;0;20211004;102734;314.880000000;10
SBERP;0;20211004;102734;314.880000000;50
SBERP;0;20211004;102735;314.880000000;40
SBERP;0;20211004;102735;314.880000000;100
SBERP;0;20211004;102735;314.880000000;10
SBERP;0;20211004;102735;314.950000000;10
SBERP;0;20211004;102736;314.870000000;4000
SBERP;0;20211004;102736;314.870000000;1000
SBERP;0;20211004;102736;314.870000000;500
SBERP;0;20211004;102736;314.870000000;1500
SBERP;0;20211004;102736;314.870000000;10
SBERP;0;20211004;102736;314.860000000;10
SBERP;0;20211004;102736;314.850000000;1630
SBERP;0;20211004;102736;314.850000000;530
SBERP;0;20211004;102736;314.850000000;100
SBERP;0;20211004;102736;314.850000000;2740
SBERP;0;20211004;102736;314.850000000;10
SBERP;0;20211004;102737;314.840000000;310
SBERP;0;20211004;102737;314.840000000;310
SBERP;0;20211004;102737;314.840000000;310
SBERP;0;20211004;102737;314.840000000;310
SBERP;0;20211004;102737;314.840000000;310
SBERP;0;20211004;102737;314.840000000;310
SBERP;0;20211004;102738;314.840000000;1440
SBERP;0;20211004;102738;314.900000000;20
SBERP;0;20211004;102740;314.910000000;10
SBERP;0;20211004;102740;314.910000000;20
SBERP;0;20211004;102742;314.910000000;20
SBERP;0;20211004;102743;314.910000000;10
SBERP;0;20211004;102743;314.910000000;140
SBERP;0;20211004;102745;314.840000000;20
SBERP;0;20211004;102748;314.910000000;50
SBERP;0;20211004;102749;314.840000000;20
SBERP;0;20211004;102749;314.910000000;10
SBERP;0;20211004;102751;314.910000000;20
SBERP;0;20211004;102753;314.910000000;340
SBERP;0;20211004;102753;314.910000000;120
SBERP;0;20211004;102753;314.910000000;540
SBERP;0;20211004;102755;314.910000000;100
SBERP;0;20211004;102755;314.910000000;100
SBERP;0;20211004;102800;314.910000000;950
SBERP;0;20211004;102800;314.920000000;320
SBERP;0;20211004;102800;314.930000000;180
SBERP;0;20211004;102800;314.940000000;180
SBERP;0;20211004;102800;314.960000000;90
SBERP;0;20211004;102800;314.840000000;20
SBERP;0;20211004;102800;314.840000000;2640
SBERP;0;20211004;102800;314.840000000;300
SBERP;0;20211004;102800;314.840000000;60
SBERP;0;20211004;102800;314.840000000;170
SBERP;0;20211004;102800;314.840000000;340
SBERP;0;20211004;102800;314.840000000;190
SBERP;0;20211004;102800;314.820000000;10
SBERP;0;20211004;102800;314.820000000;10
SBERP;0;20211004;102800;314.800000000;20
SBERP;0;20211004;102800;314.800000000;500
SBERP;0;20211004;102800;314.800000000;20
SBERP;0;20211004;102800;314.800000000;10
SBERP;0;20211004;102800;314.800000000;20
SBERP;0;20211004;102800;314.780000000;250
SBERP;0;20211004;102800;314.780000000;10
SBERP;0;20211004;102800;314.770000000;250
SBERP;0;20211004;102801;314.860000000;10
SBERP;0;20211004;102803;314.860000000;10
SBERP;0;20211004;102808;314.860000000;10
SBERP;0;20211004;102808;314.860000000;50
SBERP;0;20211004;102809;314.860000000;10
SBERP;0;20211004;102811;314.800000000;1900
SBERP;0;20211004;102811;314.800000000;8100
SBERP;0;20211004;102815;314.820000000;10
SBERP;0;20211004;102817;314.740000000;200
SBERP;0;20211004;102817;314.740000000;200
SBERP;0;20211004;102817;314.800000000;10
SBERP;0;20211004;102818;314.740000000;140
SBERP;0;20211004;102818;314.740000000;320
SBERP;0;20211004;102818;314.790000000;10
SBERP;0;20211004;102822;314.720000000;60
SBERP;0;20211004;102822;314.720000000;320
SBERP;0;20211004;102822;314.700000000;30
SBERP;0;20211004;102822;314.700000000;70
SBERP;0;20211004;102822;314.700000000;10
SBERP;0;20211004;102823;314.700000000;70
SBERP;0;20211004;102823;314.700000000;250
SBERP;0;20211004;102823;314.650000000;80
SBERP;0;20211004;102823;314.650000000;20
SBERP;0;20211004;102823;314.650000000;40
SBERP;0;20211004;102823;314.650000000;10
SBERP;0;20211004;102824;314.650000000;270
SBERP;0;20211004;102824;314.600000000;20
SBERP;0;20211004;102824;314.570000000;10
SBERP;0;20211004;102824;314.570000000;50
SBERP;0;20211004;102825;314.570000000;20
SBERP;0;20211004;102825;314.570000000;20
SBERP;0;20211004;102825;314.570000000;30
SBERP;0;20211004;102825;314.570000000;10
SBERP;0;20211004;102825;314.600000000;20
SBERP;0;20211004;102829;314.670000000;320
SBERP;0;20211004;102836;314.660000000;90
SBERP;0;20211004;102836;314.660000000;530
SBERP;0;20211004;102836;314.670000000;180
SBERP;0;20211004;102836;314.670000000;1240
SBERP;0;20211004;102836;314.570000000;1510
SBERP;0;20211004;102836;314.570000000;8350
SBERP;0;20211004;102836;314.570000000;10
SBERP;0;20211004;102837;314.550000000;200
SBERP;0;20211004;102837;314.500000000;100
SBERP;0;20211004;102837;314.500000000;20
SBERP;0;20211004;102837;314.500000000;10
SBERP;0;20211004;102837;314.500000000;10
SBERP;0;20211004;102837;314.500000000;10
SBERP;0;20211004;102837;314.500000000;10
SBERP;0;20211004;102838;314.580000000;190
SBERP;0;20211004;102838;314.590000000;50
SBERP;0;20211004;102838;314.510000000;10
SBERP;0;20211004;102838;314.480000000;10
SBERP;0;20211004;102840;314.560000000;30
SBERP;0;20211004;102840;314.450000000;1000
SBERP;0;20211004;102841;314.450000000;50
SBERP;0;20211004;102841;314.430000000;10
SBERP;0;20211004;102841;314.430000000;30
SBERP;0;20211004;102843;314.530000000;10
SBERP;0;20211004;102846;314.510000000;50
SBERP;0;20211004;102848;314.480000000;10
SBERP;0;20211004;102849;314.480000000;10
SBERP;0;20211004;102856;314.400000000;80
SBERP;0;20211004;102856;314.400000000;20
SBERP;0;20211004;102856;314.400000000;100
SBERP;0;20211004;102856;314.400000000;50
SBERP;0;20211004;102856;314.380000000;10
SBERP;0;20211004;102856;314.400000000;50
SBERP;0;20211004;102857;314.380000000;1350
SBERP;0;20211004;102857;314.380000000;1330
SBERP;0;20211004;102857;314.400000000;100
SBERP;0;20211004;102858;314.400000000;440
SBERP;0;20211004;102859;314.380000000;20
SBERP;0;20211004;102900;314.390000000;430
SBERP;0;20211004;102901;314.380000000;490
SBERP;0;20211004;102902;314.400000000;10
SBERP;0;20211004;102905;314.380000000;20
SBERP;0;20211004;102907;314.400000000;500
SBERP;0;20211004;102907;314.400000000;440
SBERP;0;20211004;102908;314.450000000;600
SBERP;0;20211004;102908;314.460000000;1200
SBERP;0;20211004;102908;314.460000000;600
SBERP;0;20211004;102908;314.460000000;120
SBERP;0;20211004;102908;314.480000000;500
SBERP;0;20211004;102908;314.480000000;380
SBERP;0;20211004;102914;314.450000000;10
SBERP;0;20211004;102916;314.540000000;10
SBERP;0;20211004;102922;314.540000000;20
SBERP;0;20211004;102924;314.540000000;10
SBERP;0;20211004;102932;314.500000000;10
SBERP;0;20211004;102934;314.540000000;10
SBERP;0;20211004;102934;314.460000000;30
SBERP;0;20211004;102936;314.540000000;100
SBERP;0;20211004;102937;314.540000000;50
SBERP;0;20211004;102938;314.460000000;10
SBERP;0;20211004;102938;314.460000000;50
SBERP;0;20211004;102943;314.540000000;40
SBERP;0;20211004;102943;314.510000000;20
SBERP;0;20211004;102946;314.510000000;10
SBERP;0;20211004;102946;314.510000000;10
SBERP;0;20211004;102947;314.450000000;10
SBERP;0;20211004;102947;314.450000000;90
SBERP;0;20211004;102947;314.450000000;210
SBERP;0;20211004;102949;314.540000000;30
SBERP;0;20211004;103001;314.450000000;10
SBERP;0;20211004;103001;314.540000000;50
SBERP;0;20211004;103002;314.450000000;10
SBERP;0;20211004;103014;314.450000000;10
SBERP;0;20211004;103014;314.520000000;10
SBERP;0;20211004;103018;314.500000000;10
SBERP;0;20211004;103019;314.450000000;200
SBERP;0;20211004;103029;314.450000000;200
SBERP;0;20211004;103036;314.520000000;20
SBERP;0;20211004;103036;314.500000000;20
SBERP;0;20211004;103040;314.500000000;80
SBERP;0;20211004;103040;314.450000000;110
SBERP;0;20211004;103044;314.520000000;60
SBERP;0;20211004;103047;314.450000000;30
SBERP;0;20211004;103047;314.500000000;200
SBERP;0;20211004;103047;314.500000000;110
SBERP;0;20211004;103050;314.450000000;180
SBERP;0;20211004;103050;314.450000000;10
SBERP;0;20211004;103050;314.500000000;10
SBERP;0;20211004;103050;314.450000000;20
SBERP;0;20211004;103051;314.450000000;100
SBERP;0;20211004;103053;314.500000000;10
SBERP;0;20211004;103053;314.500000000;40
SBERP;0;20211004;103054;314.500000000;30
SBERP;0;20211004;103054;314.520000000;40
SBERP;0;20211004;103055;314.450000000;10
SBERP;0;20211004;103055;314.520000000;10
SBERP;0;20211004;103055;314.520000000;10
SBERP;0;20211004;103055;314.450000000;50
SBERP;0;20211004;103056;314.450000000;20
SBERP;0;20211004;103056;314.450000000;50
SBERP;0;20211004;103058;314.450000000;10
SBERP;0;20211004;103058;314.450000000;10
SBERP;0;20211004;103059;314.520000000;10
SBERP;0;20211004;103100;314.450000000;180
SBERP;0;20211004;103100;314.520000000;10
SBERP;0;20211004;103101;314.450000000;30
SBERP;0;20211004;103109;314.450000000;10
SBERP;0;20211004;103110;314.450000000;170
SBERP;0;20211004;103113;314.450000000;10
SBERP;0;20211004;103114;314.450000000;90
SBERP;0;20211004;103115;314.520000000;10
SBERP;0;20211004;103115;314.450000000;10
SBERP;0;20211004;103115;314.520000000;100
SBERP;0;20211004;103117;314.520000000;10
SBERP;0;20211004;103120;314.450000000;170
SBERP;0;20211004;103121;314.520000000;10
SBERP;0;20211004;103122;314.450000000;10
SBERP;0;20211004;103124;314.450000000;10
SBERP;0;20211004;103126;314.450000000;10
SBERP;0;20211004;103128;314.520000000;10
SBERP;0;20211004;103130;314.450000000;170
SBERP;0;20211004;103132;314.510000000;10
SBERP;0;20211004;103133;314.450000000;10
SBERP;0;20211004;103133;314.520000000;10
SBERP;0;20211004;103134;314.450000000;20
SBERP;0;20211004;103134;314.450000000;2000
SBERP;0;20211004;103134;314.450000000;1000
SBERP;0;20211004;103134;314.450000000;500
SBERP;0;20211004;103134;314.450000000;500
SBERP;0;20211004;103134;314.450000000;1000
SBERP;0;20211004;103134;314.450000000;950
SBERP;0;20211004;103134;314.450000000;10
SBERP;0;20211004;103134;314.450000000;20
SBERP;0;20211004;103134;314.440000000;340
SBERP;0;20211004;103139;314.490000000;10
SBERP;0;20211004;103139;314.410000000;10
SBERP;0;20211004;103139;314.410000000;10
SBERP;0;20211004;103139;314.400000000;80
SBERP;0;20211004;103140;314.450000000;160
SBERP;0;20211004;103140;314.450000000;30
SBERP;0;20211004;103140;314.450000000;10
SBERP;0;20211004;103140;314.450000000;90
SBERP;0;20211004;103140;314.450000000;10
SBERP;0;20211004;103141;314.450000000;90
SBERP;0;20211004;103145;314.510000000;30
SBERP;0;20211004;103148;314.450000000;170
SBERP;0;20211004;103150;314.450000000;70
SBERP;0;20211004;103150;314.450000000;10
SBERP;0;20211004;103150;314.450000000;10
SBERP;0;20211004;103150;314.450000000;20
SBERP;0;20211004;103150;314.400000000;40
SBERP;0;20211004;103152;314.510000000;10
SBERP;0;20211004;103152;314.450000000;10
SBERP;0;20211004;103152;314.510000000;30
SBERP;0;20211004;103200;314.490000000;100
SBERP;0;20211004;103200;314.450000000;210
SBERP;0;20211004;103200;314.490000000;120
SBERP;0;20211004;103200;314.490000000;110
SBERP;0;20211004;103200;314.400000000;110
SBERP;0;20211004;103200;314.400000000;40
SBERP;0;20211004;103203;314.450000000;30
SBERP;0;20211004;103203;314.450000000;100
SBERP;0;20211004;103203;314.510000000;10
SBERP;0;20211004;103207;314.510000000;40
SBERP;0;20211004;103210;314.420000000;10
SBERP;0;20211004;103210;314.420000000;100
SBERP;0;20211004;103210;314.420000000;10
SBERP;0;20211004;103210;314.410000000;30
SBERP;0;20211004;103221;314.420000000;140
SBERP;0;20211004;103227;314.500000000;10
SBERP;0;20211004;103231;314.430000000;140
SBERP;0;20211004;103233;314.500000000;10
SBERP;0;20211004;103236;314.430000000;10
SBERP;0;20211004;103238;314.430000000;10
SBERP;0;20211004;103240;314.510000000;10
SBERP;0;20211004;103241;314.430000000;130
SBERP;0;20211004;103241;314.510000000;50
SBERP;0;20211004;103241;314.510000000;10
SBERP;0;20211004;103243;314.510000000;50
SBERP;0;20211004;103245;314.510000000;10
SBERP;0;20211004;103251;314.430000000;10
SBERP;0;20211004;103251;314.420000000;120
SBERP;0;20211004;103253;314.500000000;30
SBERP;0;20211004;103253;314.510000000;60
SBERP;0;20211004;103253;314.510000000;10
SBERP;0;20211004;103253;314.510000000;300
SBERP;0;20211004;103256;314.430000000;10
SBERP;0;20211004;103301;314.430000000;10
SBERP;0;20211004;103301;314.430000000;120
SBERP;0;20211004;103302;314.430000000;10
SBERP;0;20211004;103310;314.510000000;10
SBERP;0;20211004;103310;314.430000000;50
SBERP;0;20211004;103310;314.430000000;20
SBERP;0;20211004;103311;314.510000000;90
SBERP;0;20211004;103311;314.510000000;60
SBERP;0;20211004;103311;314.430000000;120
SBERP;0;20211004;103312;314.510000000;60
SBERP;0;20211004;103314;314.420000000;10
SBERP;0;20211004;103317;314.510000000;10
SBERP;0;20211004;103318;314.420000000;10
SBERP;0;20211004;103318;314.420000000;100
SBERP;0;20211004;103321;314.420000000;120
SBERP;0;20211004;103331;314.420000000;120
SBERP;0;20211004;103333;314.500000000;70
SBERP;0;20211004;103337;314.500000000;40
SBERP;0;20211004;103337;314.500000000;460
SBERP;0;20211004;103337;314.500000000;50
SBERP;0;20211004;103337;314.420000000;20
SBERP;0;20211004;103341;314.420000000;50
SBERP;0;20211004;103341;314.420000000;10
SBERP;0;20211004;103341;314.420000000;50
SBERP;0;20211004;103345;314.500000000;10
SBERP;0;20211004;103347;314.500000000;430
SBERP;0;20211004;103347;314.500000000;600
SBERP;0;20211004;103347;314.510000000;660
SBERP;0;20211004;103347;314.510000000;10
SBERP;0;20211004;103347;314.510000000;10
SBERP;0;20211004;103347;314.510000000;130
SBERP;0;20211004;103347;314.520000000;10
SBERP;0;20211004;103347;314.530000000;300
SBERP;0;20211004;103347;314.540000000;50
SBERP;0;20211004;103347;314.540000000;250
SBERP;0;20211004;103347;314.540000000;350
SBERP;0;20211004;103347;314.550000000;250
SBERP;0;20211004;103347;314.550000000;250
SBERP;0;20211004;103347;314.550000000;50
SBERP;0;20211004;103347;314.490000000;500
SBERP;0;20211004;103347;314.490000000;260
SBERP;0;20211004;103347;314.480000000;260
SBERP;0;20211004;103351;314.510000000;70
SBERP;0;20211004;103351;314.490000000;40
SBERP;0;20211004;103352;314.570000000;310
SBERP;0;20211004;103352;314.570000000;840
SBERP;0;20211004;103352;314.600000000;10
SBERP;0;20211004;103354;314.520000000;10
SBERP;0;20211004;103356;314.520000000;190
SBERP;0;20211004;103356;314.510000000;110
SBERP;0;20211004;103400;314.590000000;20
SBERP;0;20211004;103401;314.500000000;50
SBERP;0;20211004;103401;314.500000000;80
SBERP;0;20211004;103401;314.500000000;100
SBERP;0;20211004;103410;314.590000000;10
SBERP;0;20211004;103411;314.500000000;100
SBERP;0;20211004;103414;314.590000000;10
SBERP;0;20211004;103416;314.500000000;10
SBERP;0;20211004;103420;314.590000000;10
SBERP;0;20211004;103421;314.590000000;10
SBERP;0;20211004;103422;314.510000000;10
SBERP;0;20211004;103422;314.490000000;90
SBERP;0;20211004;103423;314.590000000;30
SBERP;0;20211004;103423;314.590000000;20
SBERP;0;20211004;103427;314.600000000;10
SBERP;0;20211004;103428;314.600000000;20
SBERP;0;20211004;103430;314.530000000;500
SBERP;0;20211004;103430;314.530000000;270
SBERP;0;20211004;103430;314.520000000;450
SBERP;0;20211004;103432;314.510000000;100
SBERP;0;20211004;103438;314.600000000;20
SBERP;0;20211004;103438;314.510000000;10
SBERP;0;20211004;103442;314.510000000;90
SBERP;0;20211004;103444;314.510000000;20
SBERP;0;20211004;103448;314.600000000;120
SBERP;0;20211004;103452;314.540000000;90
SBERP;0;20211004;103453;314.540000000;10
SBERP;0;20211004;103457;314.630000000;10
SBERP;0;20211004;103502;314.520000000;20
SBERP;0;20211004;103502;314.520000000;80
SBERP;0;20211004;103503;314.630000000;10
SBERP;0;20211004;103506;314.630000000;170
SBERP;0;20211004;103506;314.630000000;280
SBERP;0;20211004;103506;314.640000000;200
SBERP;0;20211004;103506;314.660000000;250
SBERP;0;20211004;103506;314.660000000;680
SBERP;0;20211004;103507;314.630000000;10
SBERP;0;20211004;103508;314.680000000;10
SBERP;0;20211004;103508;314.690000000;10
SBERP;0;20211004;103508;314.690000000;420
SBERP;0;20211004;103510;314.700000000;430
SBERP;0;20211004;103510;314.700000000;400
SBERP;0;20211004;103510;314.730000000;200
SBERP;0;20211004;103510;314.730000000;10
SBERP;0;20211004;103510;314.730000000;1280
SBERP;0;20211004;103512;314.700000000;80
SBERP;0;20211004;103513;314.810000000;10
SBERP;0;20211004;103516;314.810000000;10
SBERP;0;20211004;103519;314.800000000;100
SBERP;0;20211004;103522;314.700000000;80
SBERP;0;20211004;103525;314.690000000;10
SBERP;0;20211004;103532;314.690000000;80
SBERP;0;20211004;103532;314.690000000;10
SBERP;0;20211004;103534;314.700000000;10
SBERP;0;20211004;103535;314.760000000;10
SBERP;0;20211004;103537;314.760000000;20
SBERP;0;20211004;103537;314.760000000;10
SBERP;0;20211004;103538;314.690000000;10
SBERP;0;20211004;103538;314.650000000;40
SBERP;0;20211004;103542;314.700000000;20
SBERP;0;20211004;103542;314.660000000;60
SBERP;0;20211004;103546;314.760000000;220
SBERP;0;20211004;103546;314.760000000;120
SBERP;0;20211004;103548;314.760000000;10
SBERP;0;20211004;103552;314.700000000;10
SBERP;0;20211004;103552;314.660000000;60
SBERP;0;20211004;103554;314.660000000;10
SBERP;0;20211004;103559;314.760000000;50
SBERP;0;20211004;103559;314.760000000;390
SBERP;0;20211004;103559;314.790000000;130
SBERP;0;20211004;103559;314.800000000;250
SBERP;0;20211004;103559;314.810000000;40
SBERP;0;20211004;103559;314.810000000;130
SBERP;0;20211004;103602;314.760000000;10
SBERP;0;20211004;103602;314.670000000;70
SBERP;0;20211004;103603;314.790000000;10
SBERP;0;20211004;103606;314.790000000;10
SBERP;0;20211004;103609;314.710000000;10
SBERP;0;20211004;103611;314.790000000;160
SBERP;0;20211004;103613;314.680000000;70
SBERP;0;20211004;103621;314.810000000;30
SBERP;0;20211004;103623;314.700000000;70
SBERP;0;20211004;103625;314.810000000;10
SBERP;0;20211004;103631;314.700000000;10
SBERP;0;20211004;103632;314.810000000;40
SBERP;0;20211004;103633;314.700000000;60
SBERP;0;20211004;103636;314.810000000;10
SBERP;0;20211004;103642;314.700000000;130
SBERP;0;20211004;103642;314.700000000;120
SBERP;0;20211004;103643;314.700000000;20
SBERP;0;20211004;103643;314.700000000;40
SBERP;0;20211004;103644;314.700000000;40
SBERP;0;20211004;103653;314.810000000;10
SBERP;0;20211004;103653;314.700000000;20
SBERP;0;20211004;103653;314.700000000;40
SBERP;0;20211004;103656;314.810000000;90
SBERP;0;20211004;103656;314.810000000;140
SBERP;0;20211004;103656;314.820000000;190
SBERP;0;20211004;103656;314.820000000;160
SBERP;0;20211004;103656;314.820000000;70
SBERP;0;20211004;103658;314.730000000;20
SBERP;0;20211004;103659;314.820000000;120
SBERP;0;20211004;103659;314.830000000;70
SBERP;0;20211004;103659;314.740000000;80
SBERP;0;20211004;103659;314.740000000;10
SBERP;0;20211004;103700;314.830000000;10
SBERP;0;20211004;103703;314.740000000;60
SBERP;0;20211004;103705;314.700000000;10
SBERP;0;20211004;103713;314.700000000;50
SBERP;0;20211004;103713;314.700000000;10
SBERP;0;20211004;103719;314.700000000;290
SBERP;0;20211004;103723;314.680000000;10
SBERP;0;20211004;103723;314.670000000;40
SBERP;0;20211004;103726;314.700000000;30
SBERP;0;20211004;103728;314.670000000;10
SBERP;0;20211004;103730;314.700000000;10
SBERP;0;20211004;103733;314.670000000;50
SBERP;0;20211004;103738;314.670000000;10
SBERP;0;20211004;103740;314.670000000;10
SBERP;0;20211004;103743;314.670000000;50
SBERP;0;20211004;103744;314.700000000;20
SBERP;0;20211004;103745;314.700000000;100
SBERP;0;20211004;103745;314.700000000;20
SBERP;0;20211004;103746;314.740000000;50
SBERP;0;20211004;103747;314.740000000;70
SBERP;0;20211004;103753;314.670000000;70
SBERP;0;20211004;103753;314.670000000;50
SBERP;0;20211004;103755;314.740000000;10
SBERP;0;20211004;103800;314.670000000;10
SBERP;0;20211004;103804;314.670000000;40
SBERP;0;20211004;103804;314.700000000;30
SBERP;0;20211004;103804;314.700000000;140
SBERP;0;20211004;103810;314.670000000;30
SBERP;0;20211004;103814;314.670000000;40
SBERP;0;20211004;103818;314.700000000;30
SBERP;0;20211004;103821;314.700000000;10
SBERP;0;20211004;103824;314.670000000;40
SBERP;0;20211004;103824;314.670000000;30
SBERP;0;20211004;103825;314.670000000;10
SBERP;0;20211004;103827;314.700000000;20
SBERP;0;20211004;103831;314.700000000;30
SBERP;0;20211004;103834;314.670000000;40
SBERP;0;20211004;103835;314.700000000;190
SBERP;0;20211004;103835;314.700000000;70
SBERP;0;20211004;103837;314.670000000;130
SBERP;0;20211004;103837;314.670000000;20
SBERP;0;20211004;103837;314.610000000;30
SBERP;0;20211004;103840;314.670000000;50
SBERP;0;20211004;103843;314.670000000;10
SBERP;0;20211004;103844;314.620000000;40
SBERP;0;20211004;103845;314.700000000;30
SBERP;0;20211004;103845;314.700000000;10
SBERP;0;20211004;103846;314.700000000;10
SBERP;0;20211004;103849;314.700000000;50
SBERP;0;20211004;103849;314.700000000;10
SBERP;0;20211004;103849;314.630000000;190
SBERP;0;20211004;103849;314.630000000;130
SBERP;0;20211004;103849;314.620000000;150
SBERP;0;20211004;103849;314.610000000;120
SBERP;0;20211004;103849;314.610000000;500
SBERP;0;20211004;103849;314.610000000;350
SBERP;0;20211004;103852;314.760000000;10
SBERP;0;20211004;103854;314.700000000;40
SBERP;0;20211004;103904;314.700000000;30
SBERP;0;20211004;103911;314.760000000;10
SBERP;0;20211004;103911;314.760000000;20
SBERP;0;20211004;103913;314.700000000;20
SBERP;0;20211004;103913;314.700000000;10
SBERP;0;20211004;103913;314.700000000;70
SBERP;0;20211004;103914;314.700000000;20
SBERP;0;20211004;103914;314.700000000;30
SBERP;0;20211004;103915;314.700000000;220
SBERP;0;20211004;103915;314.700000000;10
SBERP;0;20211004;103915;314.700000000;200
SBERP;0;20211004;103915;314.610000000;20
SBERP;0;20211004;103916;314.750000000;10
SBERP;0;20211004;103918;314.700000000;20
SBERP;0;20211004;103922;314.760000000;30
SBERP;0;20211004;103924;314.760000000;10
SBERP;0;20211004;103924;314.760000000;80
SBERP;0;20211004;103924;314.620000000;30
SBERP;0;20211004;103931;314.640000000;500
SBERP;0;20211004;103931;314.640000000;70
SBERP;0;20211004;103931;314.640000000;430
SBERP;0;20211004;103931;314.640000000;860
SBERP;0;20211004;103931;314.640000000;200
SBERP;0;20211004;103931;314.640000000;500
SBERP;0;20211004;103931;314.630000000;490
SBERP;0;20211004;103931;314.630000000;200
SBERP;0;20211004;103931;314.620000000;690
SBERP;0;20211004;103931;314.620000000;180
SBERP;0;20211004;103931;314.620000000;560
SBERP;0;20211004;103931;314.610000000;490
SBERP;0;20211004;103931;314.610000000;400
SBERP;0;20211004;103932;314.640000000;860
SBERP;0;20211004;103934;314.640000000;10
SBERP;0;20211004;103934;314.640000000;30
SBERP;0;20211004;103939;314.740000000;10
SBERP;0;20211004;103941;314.640000000;10
SBERP;0;20211004;103944;314.640000000;510
SBERP;0;20211004;103944;314.640000000;210
SBERP;0;20211004;103944;314.630000000;860
SBERP;0;20211004;103944;314.620000000;470
SBERP;0;20211004;103944;314.620000000;210
SBERP;0;20211004;103944;314.620000000;230
SBERP;0;20211004;103944;314.620000000;860
SBERP;0;20211004;103944;314.620000000;550
SBERP;0;20211004;103944;314.740000000;10
SBERP;0;20211004;103945;314.600000000;30
SBERP;0;20211004;103945;314.740000000;30
SBERP;0;20211004;103949;314.600000000;10
SBERP;0;20211004;103955;314.700000000;30
SBERP;0;20211004;103956;314.740000000;30
SBERP;0;20211004;103957;314.700000000;10000
SBERP;0;20211004;103957;314.700000000;2380
SBERP;0;20211004;104002;314.700000000;2500
SBERP;0;20211004;104002;314.700000000;15090
SBERP;0;20211004;104002;314.700000000;10
SBERP;0;20211004;104002;314.700000000;340
SBERP;0;20211004;104002;314.720000000;310
SBERP;0;20211004;104003;314.600000000;100
SBERP;0;20211004;104003;314.600000000;60
SBERP;0;20211004;104003;314.600000000;340
SBERP;0;20211004;104003;314.600000000;480
SBERP;0;20211004;104004;314.600000000;310
SBERP;0;20211004;104004;314.580000000;10
SBERP;0;20211004;104004;314.580000000;340
SBERP;0;20211004;104004;314.600000000;340
SBERP;0;20211004;104005;314.550000000;30
SBERP;0;20211004;104006;314.630000000;10
SBERP;0;20211004;104006;314.550000000;170
SBERP;0;20211004;104006;314.550000000;100
SBERP;0;20211004;104007;314.610000000;10
SBERP;0;20211004;104009;314.540000000;10
SBERP;0;20211004;104009;314.520000000;10
SBERP;0;20211004;104011;314.580000000;10
SBERP;0;20211004;104011;314.510000000;50
SBERP;0;20211004;104011;314.510000000;30
SBERP;0;20211004;104014;314.580000000;20
SBERP;0;20211004;104014;314.500000000;500
SBERP;0;20211004;104014;314.500000000;10
SBERP;0;20211004;104014;314.500000000;10
SBERP;0;20211004;104014;314.500000000;10
SBERP;0;20211004;104014;314.500000000;10
SBERP;0;20211004;104014;314.500000000;10
SBERP;0;20211004;104014;314.500000000;40
SBERP;0;20211004;104014;314.500000000;10
SBERP;0;20211004;104014;314.500000000;190
SBERP;0;20211004;104015;314.460000000;200
SBERP;0;20211004;104015;314.460000000;590
SBERP;0;20211004;104015;314.450000000;30
SBERP;0;20211004;104017;314.570000000;10
SBERP;0;20211004;104017;314.570000000;90
SBERP;0;20211004;104017;314.460000000;320
SBERP;0;20211004;104017;314.570000000;30
SBERP;0;20211004;104019;314.570000000;100
SBERP;0;20211004;104023;314.570000000;10
SBERP;0;20211004;104023;314.570000000;10
SBERP;0;20211004;104025;314.460000000;30
SBERP;0;20211004;104025;314.460000000;360
SBERP;0;20211004;104025;314.460000000;170
SBERP;0;20211004;104025;314.460000000;860
SBERP;0;20211004;104025;314.460000000;500
SBERP;0;20211004;104025;314.460000000;500
SBERP;0;20211004;104025;314.450000000;170
SBERP;0;20211004;104025;314.450000000;570
SBERP;0;20211004;104025;314.430000000;20
SBERP;0;20211004;104025;314.420000000;1280
SBERP;0;20211004;104025;314.410000000;170
SBERP;0;20211004;104025;314.410000000;250
SBERP;0;20211004;104025;314.400000000;160
SBERP;0;20211004;104025;314.400000000;10
SBERP;0;20211004;104025;314.400000000;250
SBERP;0;20211004;104025;314.400000000;1800
SBERP;0;20211004;104025;314.400000000;10
SBERP;0;20211004;104025;314.400000000;30
SBERP;0;20211004;104025;314.390000000;10
SBERP;0;20211004;104025;314.390000000;300
SBERP;0;20211004;104025;314.390000000;20
SBERP;0;20211004;104025;314.390000000;80
SBERP;0;20211004;104025;314.390000000;10
SBERP;0;20211004;104025;314.390000000;10
SBERP;0;20211004;104025;314.390000000;10
SBERP;0;20211004;104025;314.390000000;250
SBERP;0;20211004;104025;314.390000000;160
SBERP;0;20211004;104025;314.390000000;20
SBERP;0;20211004;104025;314.390000000;20
SBERP;0;20211004;104025;314.390000000;20
SBERP;0;20211004;104025;314.380000000;24780
SBERP;0;20211004;104025;314.380000000;19200
SBERP;0;20211004;104025;314.410000000;20
SBERP;0;20211004;104025;314.390000000;190
SBERP;0;20211004;104025;314.390000000;180
SBERP;0;20211004;104025;314.380000000;35800
SBERP;0;20211004;104025;314.380000000;80
SBERP;0;20211004;104025;314.380000000;310
SBERP;0;20211004;104025;314.380000000;10
SBERP;0;20211004;104025;314.380000000;50
SBERP;0;20211004;104025;314.380000000;20
SBERP;0;20211004;104025;314.380000000;200
SBERP;0;20211004;104025;314.460000000;210
SBERP;0;20211004;104025;314.370000000;20
SBERP;0;20211004;104025;314.470000000;10
SBERP;0;20211004;104026;314.470000000;720
SBERP;0;20211004;104027;314.470000000;10
SBERP;0;20211004;104027;314.370000000;480
SBERP;0;20211004;104027;314.370000000;340
SBERP;0;20211004;104027;314.370000000;380
SBERP;0;20211004;104027;314.460000000;190
SBERP;0;20211004;104027;314.460000000;130
SBERP;0;20211004;104033;314.370000000;20
SBERP;0;20211004;104033;314.370000000;60
SBERP;0;20211004;104033;314.370000000;80
SBERP;0;20211004;104033;314.370000000;30
SBERP;0;20211004;104033;314.370000000;80
SBERP;0;20211004;104033;314.370000000;80
SBERP;0;20211004;104033;314.370000000;90
SBERP;0;20211004;104033;314.370000000;80
SBERP;0;20211004;104033;314.370000000;20
SBERP;0;20211004;104033;314.360000000;60
SBERP;0;20211004;104033;314.360000000;10
SBERP;0;20211004;104033;314.360000000;20
SBERP;0;20211004;104033;314.360000000;10
SBERP;0;20211004;104033;314.360000000;40
SBERP;0;20211004;104033;314.360000000;10
SBERP;0;20211004;104035;314.360000000;20
SBERP;0;20211004;104035;314.360000000;270
SBERP;0;20211004;104035;314.440000000;20
SBERP;0;20211004;104037;314.440000000;10
SBERP;0;20211004;104037;314.350000000;10
SBERP;0;20211004;104042;314.440000000;10
SBERP;0;20211004;104042;314.340000000;10
SBERP;0;20211004;104042;314.340000000;500
SBERP;0;20211004;104042;314.430000000;70
SBERP;0;20211004;104042;314.430000000;210
SBERP;0;20211004;104045;314.330000000;20
SBERP;0;20211004;104046;314.330000000;980
SBERP;0;20211004;104046;314.330000000;10
SBERP;0;20211004;104046;314.330000000;500
SBERP;0;20211004;104046;314.330000000;340
SBERP;0;20211004;104048;314.420000000;320
SBERP;0;20211004;104048;314.320000000;10
SBERP;0;20211004;104048;314.320000000;340
SBERP;0;20211004;104048;314.320000000;40
SBERP;0;20211004;104048;314.370000000;2000
SBERP;0;20211004;104048;314.340000000;10
SBERP;0;20211004;104048;314.310000000;500
SBERP;0;20211004;104048;314.310000000;200
SBERP;0;20211004;104048;314.300000000;10
SBERP;0;20211004;104048;314.300000000;500
SBERP;0;20211004;104048;314.300000000;90
SBERP;0;20211004;104048;314.300000000;530
SBERP;0;20211004;104048;314.300000000;1160
SBERP;0;20211004;104048;314.430000000;250
SBERP;0;20211004;104048;314.370000000;860
SBERP;0;20211004;104048;314.370000000;2000
SBERP;0;20211004;104048;314.370000000;190
SBERP;0;20211004;104051;314.360000000;200
SBERP;0;20211004;104051;314.350000000;10
SBERP;0;20211004;104053;314.340000000;10
SBERP;0;20211004;104053;314.300000000;60
SBERP;0;20211004;104053;314.300000000;40
SBERP;0;20211004;104055;314.280000000;20
SBERP;0;20211004;104055;314.280000000;130
SBERP;0;20211004;104055;314.280000000;10
SBERP;0;20211004;104055;314.280000000;2000
SBERP;0;20211004;104056;314.280000000;190
SBERP;0;20211004;104056;314.280000000;20
SBERP;0;20211004;104058;314.350000000;50
SBERP;0;20211004;104058;314.270000000;10
SBERP;0;20211004;104059;314.250000000;10
SBERP;0;20211004;104059;314.320000000;40
SBERP;0;20211004;104059;314.250000000;10
SBERP;0;20211004;104059;314.240000000;20
SBERP;0;20211004;104059;314.230000000;740
SBERP;0;20211004;104059;314.210000000;10
SBERP;0;20211004;104059;314.210000000;220
SBERP;0;20211004;104059;314.200000000;10
SBERP;0;20211004;104059;314.200000000;320
SBERP;0;20211004;104059;314.200000000;170
SBERP;0;20211004;104059;314.210000000;10
SBERP;0;20211004;104059;314.210000000;490
SBERP;0;20211004;104101;314.290000000;10
SBERP;0;20211004;104101;314.220000000;500
SBERP;0;20211004;104101;314.220000000;570
SBERP;0;20211004;104102;314.220000000;20
SBERP;0;20211004;104102;314.220000000;30
SBERP;0;20211004;104102;314.220000000;40
SBERP;0;20211004;104104;314.280000000;20
SBERP;0;20211004;104104;314.250000000;10
SBERP;0;20211004;104105;314.220000000;20
SBERP;0;20211004;104105;314.220000000;240
SBERP;0;20211004;104110;314.220000000;20
SBERP;0;20211004;104110;314.280000000;10
SBERP;0;20211004;104110;314.210000000;10
SBERP;0;20211004;104110;314.210000000;280
SBERP;0;20211004;104112;314.200000000;1010
SBERP;0;20211004;104112;314.200000000;1320
SBERP;0;20211004;104112;314.200000000;10
SBERP;0;20211004;104112;314.200000000;1000
SBERP;0;20211004;104112;314.200000000;190
SBERP;0;20211004;104112;314.200000000;200
SBERP;0;20211004;104115;314.190000000;20
SBERP;0;20211004;104115;314.190000000;2000
SBERP;0;20211004;104117;314.190000000;100
SBERP;0;20211004;104117;314.250000000;60
SBERP;0;20211004;104117;314.190000000;370
SBERP;0;20211004;104117;314.190000000;2000
SBERP;0;20211004;104121;314.250000000;440
SBERP;0;20211004;104121;314.250000000;60
SBERP;0;20211004;104121;314.170000000;500
SBERP;0;20211004;104121;314.170000000;340
SBERP;0;20211004;104123;314.180000000;200
SBERP;0;20211004;104123;314.170000000;10
SBERP;0;20211004;104125;314.120000000;20
SBERP;0;20211004;104126;314.120000000;340
SBERP;0;20211004;104126;314.210000000;250
SBERP;0;20211004;104126;314.210000000;10
SBERP;0;20211004;104128;314.130000000;10
SBERP;0;20211004;104136;314.110000000;10
SBERP;0;20211004;104136;314.110000000;10
SBERP;0;20211004;104137;314.110000000;10
SBERP;0;20211004;104137;314.110000000;20
SBERP;0;20211004;104139;314.110000000;1340
SBERP;0;20211004;104143;314.170000000;30
SBERP;0;20211004;104146;314.170000000;50
SBERP;0;20211004;104146;314.120000000;20
SBERP;0;20211004;104146;314.170000000;10
SBERP;0;20211004;104151;314.130000000;20
SBERP;0;20211004;104153;314.170000000;10
SBERP;0;20211004;104154;314.170000000;460
SBERP;0;20211004;104154;314.170000000;820
SBERP;0;20211004;104156;314.150000000;20
SBERP;0;20211004;104156;314.140000000;150
SBERP;0;20211004;104157;314.180000000;20
SBERP;0;20211004;104206;314.150000000;20
SBERP;0;20211004;104211;314.180000000;20
SBERP;0;20211004;104212;314.150000000;50
SBERP;0;20211004;104213;314.180000000;200
SBERP;0;20211004;104215;314.180000000;160
SBERP;0;20211004;104215;314.170000000;40
SBERP;0;20211004;104216;314.150000000;20
SBERP;0;20211004;104217;314.140000000;10
SBERP;0;20211004;104218;314.150000000;10
SBERP;0;20211004;104220;314.150000000;190
SBERP;0;20211004;104220;314.140000000;240
SBERP;0;20211004;104220;314.110000000;2000
SBERP;0;20211004;104220;314.100000000;100
SBERP;0;20211004;104220;314.090000000;350
SBERP;0;20211004;104220;314.080000000;10
SBERP;0;20211004;104220;314.060000000;2540
SBERP;0;20211004;104220;314.060000000;100
SBERP;0;20211004;104220;314.060000000;100
SBERP;0;20211004;104220;314.060000000;20
SBERP;0;20211004;104220;314.050000000;1000
SBERP;0;20211004;104220;314.040000000;10
SBERP;0;20211004;104220;314.040000000;980
SBERP;0;20211004;104220;314.030000000;250
SBERP;0;20211004;104220;314.020000000;50
SBERP;0;20211004;104220;314.020000000;200
SBERP;0;20211004;104220;314.020000000;250
SBERP;0;20211004;104220;314.010000000;50
SBERP;0;20211004;104220;314.010000000;250
SBERP;0;20211004;104220;314.010000000;390
SBERP;0;20211004;104220;314.000000000;10
SBERP;0;20211004;104220;314.000000000;1000
SBERP;0;20211004;104220;314.000000000;10
SBERP;0;20211004;104220;314.000000000;30
SBERP;0;20211004;104220;314.000000000;1500
SBERP;0;20211004;104220;314.000000000;10
SBERP;0;20211004;104220;314.000000000;10
SBERP;0;20211004;104220;314.000000000;10
SBERP;0;20211004;104220;314.000000000;50
SBERP;0;20211004;104220;314.000000000;500
SBERP;0;20211004;104220;314.000000000;100
SBERP;0;20211004;104220;314.000000000;10
SBERP;0;20211004;104220;314.000000000;80
SBERP;0;20211004;104220;314.000000000;200
SBERP;0;20211004;104220;314.000000000;30
SBERP;0;20211004;104220;314.000000000;90
SBERP;0;20211004;104220;314.000000000;10
SBERP;0;20211004;104220;314.000000000;10
SBERP;0;20211004;104220;314.000000000;50
SBERP;0;20211004;104220;314.000000000;10
SBERP;0;20211004;104220;314.000000000;10
SBERP;0;20211004;104220;314.000000000;10
SBERP;0;20211004;104220;314.000000000;10
SBERP;0;20211004;104220;314.000000000;30
SBERP;0;20211004;104220;314.000000000;10
SBERP;0;20211004;104220;314.000000000;2000
SBERP;0;20211004;104220;314.000000000;2510
SBERP;0;20211004;104220;314.000000000;10
SBERP;0;20211004;104220;314.000000000;100
SBERP;0;20211004;104220;314.000000000;20
SBERP;0;20211004;104220;314.000000000;20
SBERP;0;20211004;104220;314.000000000;10
SBERP;0;20211004;104220;314.000000000;100
SBERP;0;20211004;104220;314.000000000;10
SBERP;0;20211004;104220;314.000000000;250
SBERP;0;20211004;104220;314.000000000;1010
SBERP;0;20211004;104220;314.000000000;70
SBERP;0;20211004;104220;314.000000000;17060
SBERP;0;20211004;104220;314.000000000;62860
SBERP;0;20211004;104220;314.180000000;420
SBERP;0;20211004;104220;314.180000000;10
SBERP;0;20211004;104220;314.190000000;670
SBERP;0;20211004;104220;314.200000000;70
SBERP;0;20211004;104220;314.170000000;300
SBERP;0;20211004;104220;314.090000000;300
SBERP;0;20211004;104220;314.110000000;250
SBERP;0;20211004;104220;314.110000000;250
SBERP;0;20211004;104220;314.100000000;250
SBERP;0;20211004;104220;314.110000000;250
SBERP;0;20211004;104220;314.110000000;1000
SBERP;0;20211004;104220;314.110000000;740
SBERP;0;20211004;104220;314.170000000;10
SBERP;0;20211004;104220;314.110000000;680
SBERP;0;20211004;104220;314.110000000;10
SBERP;0;20211004;104220;314.110000000;30
SBERP;0;20211004;104220;314.110000000;100
SBERP;0;20211004;104220;314.110000000;10
SBERP;0;20211004;104220;314.150000000;220
SBERP;0;20211004;104220;314.120000000;300
SBERP;0;20211004;104220;314.110000000;2000
SBERP;0;20211004;104220;314.100000000;100
SBERP;0;20211004;104220;314.050000000;250
SBERP;0;20211004;104220;314.040000000;130
SBERP;0;20211004;104220;314.150000000;10
SBERP;0;20211004;104220;314.040000000;180
SBERP;0;20211004;104220;314.030000000;2000
SBERP;0;20211004;104220;314.030000000;180
SBERP;0;20211004;104220;314.000000000;700
SBERP;0;20211004;104220;314.000000000;100
SBERP;0;20211004;104220;314.000000000;3840
SBERP;0;20211004;104220;314.150000000;100
SBERP;0;20211004;104221;314.110000000;340
SBERP;0;20211004;104221;314.050000000;10
SBERP;0;20211004;104221;314.040000000;100
SBERP;0;20211004;104221;314.030000000;90
SBERP;0;20211004;104221;314.030000000;100
SBERP;0;20211004;104221;314.150000000;260
SBERP;0;20211004;104221;314.190000000;250
SBERP;0;20211004;104221;314.190000000;500
SBERP;0;20211004;104222;314.070000000;500
SBERP;0;20211004;104222;314.070000000;180
SBERP;0;20211004;104222;314.060000000;340
SBERP;0;20211004;104222;314.190000000;740
SBERP;0;20211004;104222;314.200000000;210
SBERP;0;20211004;104222;314.200000000;500
SBERP;0;20211004;104222;314.220000000;250
SBERP;0;20211004;104222;314.230000000;120
SBERP;0;20211004;104222;314.230000000;130
SBERP;0;20211004;104223;314.220000000;60
SBERP;0;20211004;104224;314.210000000;550
SBERP;0;20211004;104225;314.110000000;200
SBERP;0;20211004;104225;314.100000000;540
SBERP;0;20211004;104225;314.100000000;260
SBERP;0;20211004;104225;314.100000000;330
SBERP;0;20211004;104226;314.100000000;10
SBERP;0;20211004;104226;314.200000000;10
SBERP;0;20211004;104226;314.100000000;500
SBERP;0;20211004;104226;314.100000000;540
SBERP;0;20211004;104227;314.100000000;10
SBERP;0;20211004;104231;314.100000000;10
SBERP;0;20211004;104231;314.100000000;500
SBERP;0;20211004;104233;314.200000000;100
SBERP;0;20211004;104233;314.100000000;320
SBERP;0;20211004;104236;314.200000000;10
SBERP;0;20211004;104236;314.090000000;200
SBERP;0;20211004;104236;314.090000000;540
SBERP;0;20211004;104236;314.090000000;350
SBERP;0;20211004;104236;314.080000000;10
SBERP;0;20211004;104239;314.100000000;10
SBERP;0;20211004;104239;314.060000000;470
SBERP;0;20211004;104241;314.070000000;500
SBERP;0;20211004;104241;314.060000000;200
SBERP;0;20211004;104242;314.060000000;10
SBERP;0;20211004;104246;314.070000000;10
SBERP;0;20211004;104246;314.070000000;190
SBERP;0;20211004;104252;314.100000000;10
SBERP;0;20211004;104252;314.070000000;200
SBERP;0;20211004;104252;314.100000000;130
SBERP;0;20211004;104253;314.060000000;10
SBERP;0;20211004;104253;314.060000000;20
SBERP;0;20211004;104253;314.060000000;460
SBERP;0;20211004;104257;314.050000000;10
SBERP;0;20211004;104257;314.050000000;340
SBERP;0;20211004;104257;314.040000000;10
SBERP;0;20211004;104307;314.040000000;10
SBERP;0;20211004;104307;314.040000000;320
SBERP;0;20211004;104307;314.040000000;520
SBERP;0;20211004;104313;314.100000000;9850
SBERP;0;20211004;104313;314.120000000;670
SBERP;0;20211004;104313;314.160000000;240
SBERP;0;20211004;104313;314.160000000;60
SBERP;0;20211004;104313;314.160000000;180
SBERP;0;20211004;104313;314.160000000;200
SBERP;0;20211004;104313;314.190000000;250
SBERP;0;20211004;104313;314.200000000;50
SBERP;0;20211004;104313;314.200000000;300
SBERP;0;20211004;104313;314.200000000;270
SBERP;0;20211004;104313;314.200000000;10
SBERP;0;20211004;104313;314.210000000;20
SBERP;0;20211004;104313;314.230000000;250
SBERP;0;20211004;104313;314.240000000;50
SBERP;0;20211004;104313;314.110000000;550
SBERP;0;20211004;104313;314.100000000;500
SBERP;0;20211004;104313;314.100000000;180
SBERP;0;20211004;104314;314.150000000;50
SBERP;0;20211004;104315;314.150000000;10
SBERP;0;20211004;104315;314.090000000;200
SBERP;0;20211004;104317;314.090000000;10
SBERP;0;20211004;104317;314.150000000;710
SBERP;0;20211004;104319;314.150000000;100
SBERP;0;20211004;104319;314.150000000;670
SBERP;0;20211004;104319;314.080000000;10
SBERP;0;20211004;104319;314.080000000;500
SBERP;0;20211004;104319;314.080000000;310
SBERP;0;20211004;104322;314.140000000;50
SBERP;0;20211004;104323;314.100000000;200
SBERP;0;20211004;104323;314.090000000;270
SBERP;0;20211004;104324;314.090000000;10
SBERP;0;20211004;104324;314.090000000;190
SBERP;0;20211004;104325;314.140000000;10
SBERP;0;20211004;104326;314.080000000;10
SBERP;0;20211004;104327;314.140000000;10
SBERP;0;20211004;104327;314.050000000;10
SBERP;0;20211004;104336;314.140000000;10
SBERP;0;20211004;104336;314.040000000;40
SBERP;0;20211004;104336;314.040000000;500
SBERP;0;20211004;104336;314.030000000;2000
SBERP;0;20211004;104336;314.030000000;340
SBERP;0;20211004;104336;314.030000000;520
SBERP;0;20211004;104337;314.050000000;10
SBERP;0;20211004;104337;314.060000000;200
SBERP;0;20211004;104339;314.040000000;200
SBERP;0;20211004;104339;314.030000000;1460
SBERP;0;20211004;104339;314.030000000;340
SBERP;0;20211004;104339;314.030000000;680
SBERP;0;20211004;104346;314.130000000;200
SBERP;0;20211004;104346;314.120000000;250
SBERP;0;20211004;104347;314.080000000;10
SBERP;0;20211004;104354;314.090000000;10
SBERP;0;20211004;104357;314.040000000;10
SBERP;0;20211004;104359;314.090000000;10
SBERP;0;20211004;104401;314.090000000;200
SBERP;0;20211004;104401;314.090000000;100
SBERP;0;20211004;104401;314.090000000;380
SBERP;0;20211004;104401;314.100000000;10
SBERP;0;20211004;104401;314.100000000;200
SBERP;0;20211004;104401;314.090000000;20
SBERP;0;20211004;104403;314.100000000;400
SBERP;0;20211004;104403;314.100000000;100
SBERP;0;20211004;104403;314.100000000;200
SBERP;0;20211004;104404;314.130000000;10
SBERP;0;20211004;104405;314.130000000;70
SBERP;0;20211004;104405;314.130000000;630
SBERP;0;20211004;104405;314.130000000;100
SBERP;0;20211004;104407;314.100000000;10
SBERP;0;20211004;104416;314.100000000;20
SBERP;0;20211004;104416;314.100000000;100
SBERP;0;20211004;104417;314.080000000;10
SBERP;0;20211004;104420;314.100000000;10
SBERP;0;20211004;104421;314.100000000;10
SBERP;0;20211004;104424;314.090000000;50
SBERP;0;20211004;104424;314.080000000;10
SBERP;0;20211004;104424;314.070000000;10
SBERP;0;20211004;104427;314.070000000;10
SBERP;0;20211004;104429;314.100000000;10
SBERP;0;20211004;104430;314.070000000;10
SBERP;0;20211004;104431;314.100000000;10
SBERP;0;20211004;104435;314.100000000;340
SBERP;0;20211004;104435;314.100000000;790
SBERP;0;20211004;104435;314.110000000;10
SBERP;0;20211004;104435;314.130000000;10
SBERP;0;20211004;104437;314.110000000;10
SBERP;0;20211004;104437;314.110000000;10
SBERP;0;20211004;104439;314.110000000;40
SBERP;0;20211004;104441;314.130000000;10
SBERP;0;20211004;104442;314.130000000;10
SBERP;0;20211004;104445;314.110000000;10
SBERP;0;20211004;104445;314.130000000;10
SBERP;0;20211004;104447;314.120000000;10
SBERP;0;20211004;104453;314.130000000;210
SBERP;0;20211004;104453;314.140000000;250
SBERP;0;20211004;104453;314.140000000;660
SBERP;0;20211004;104453;314.150000000;400
SBERP;0;20211004;104453;314.150000000;800
SBERP;0;20211004;104455;314.190000000;140
SBERP;0;20211004;104455;314.190000000;660
SBERP;0;20211004;104455;314.240000000;250
SBERP;0;20211004;104455;314.250000000;50
SBERP;0;20211004;104455;314.250000000;250
SBERP;0;20211004;104455;314.250000000;50
SBERP;0;20211004;104455;314.250000000;300
SBERP;0;20211004;104457;314.250000000;20
SBERP;0;20211004;104457;314.170000000;10
SBERP;0;20211004;104458;314.170000000;10
SBERP;0;20211004;104458;314.250000000;20
SBERP;0;20211004;104501;314.160000000;80
SBERP;0;20211004;104502;314.160000000;120
SBERP;0;20211004;104502;314.150000000;860
SBERP;0;20211004;104502;314.140000000;280
SBERP;0;20211004;104503;314.250000000;10
SBERP;0;20211004;104504;314.250000000;10
SBERP;0;20211004;104504;314.200000000;200
SBERP;0;20211004;104504;314.190000000;290
SBERP;0;20211004;104504;314.180000000;100
SBERP;0;20211004;104508;314.160000000;10
SBERP;0;20211004;104508;314.250000000;200
SBERP;0;20211004;104510;314.160000000;50
SBERP;0;20211004;104511;314.250000000;10
SBERP;0;20211004;104516;314.190000000;200
SBERP;0;20211004;104519;314.180000000;10
SBERP;0;20211004;104519;314.180000000;20
SBERP;0;20211004;104519;314.150000000;70
SBERP;0;20211004;104519;314.150000000;80
SBERP;0;20211004;104519;314.150000000;80
SBERP;0;20211004;104519;314.150000000;20
SBERP;0;20211004;104519;314.150000000;250
SBERP;0;20211004;104520;314.240000000;10
SBERP;0;20211004;104524;314.240000000;10
SBERP;0;20211004;104527;314.200000000;50
SBERP;0;20211004;104530;314.200000000;10
SBERP;0;20211004;104532;314.200000000;10
SBERP;0;20211004;104535;314.200000000;10
SBERP;0;20211004;104535;314.200000000;10
SBERP;0;20211004;104536;314.200000000;30
SBERP;0;20211004;104537;314.180000000;10
SBERP;0;20211004;104539;314.200000000;10
SBERP;0;20211004;104543;314.180000000;10
SBERP;0;20211004;104557;314.200000000;300
SBERP;0;20211004;104558;314.190000000;10
SBERP;0;20211004;104558;314.180000000;10
SBERP;0;20211004;104600;314.190000000;490
SBERP;0;20211004;104607;314.200000000;40
SBERP;0;20211004;104608;314.180000000;190
SBERP;0;20211004;104608;314.170000000;100
SBERP;0;20211004;104608;314.160000000;210
SBERP;0;20211004;104609;314.200000000;10
SBERP;0;20211004;104616;314.200000000;20
SBERP;0;20211004;104616;314.200000000;20
SBERP;0;20211004;104620;314.200000000;60
SBERP;0;20211004;104632;314.200000000;20
SBERP;0;20211004;104634;314.200000000;440
SBERP;0;20211004;104634;314.250000000;810
SBERP;0;20211004;104634;314.250000000;660
SBERP;0;20211004;104634;314.250000000;520
SBERP;0;20211004;104634;314.250000000;360
SBERP;0;20211004;104634;314.250000000;180
SBERP;0;20211004;104634;314.250000000;40
SBERP;0;20211004;104634;314.210000000;200
SBERP;0;20211004;104634;314.210000000;10
SBERP;0;20211004;104636;314.260000000;150
SBERP;0;20211004;104638;314.290000000;110
SBERP;0;20211004;104638;314.290000000;110
SBERP;0;20211004;104638;314.290000000;300
SBERP;0;20211004;104638;314.290000000;100
SBERP;0;20211004;104638;314.290000000;100
SBERP;0;20211004;104638;314.290000000;500
SBERP;0;20211004;104638;314.290000000;500
SBERP;0;20211004;104638;314.290000000;70
